3350 5268
397 361 477 416 210
729 348 764 405 Ρ.
786 345 912 403 ovtmt
937 336 1104 398 insonis

314 477 515 569 Virtutem
533 469 768 576 antiquum,
786 464 962 576 mulieres
979 479 1148 564 corpore
1165 452 1290 533 uires.

310 588 373 674 Et
391 615 502 669 nune
520 581 744 690 accipiter,
764 576 871 657 nulli
886 571 993 654 sutis
1009 593 1188 676 munus,
1207 563 1254 646 in
1272 583 1413 648 omnes

311 703 458 785 Saevit
478 725 593 792 ares,·
611 693 789 799 aliisque
808 681 1024 792 dolensfit
1044 705 1199 762 caussa
1217 669 1403 761 dnkndi.
1445 723 1448 730 ·

372 813 490 924 Quae
509 810 608 890 dum
626 805 822 911 Lucifero
838 799 1006 911 genitus
1024 789 1227 874 miracuta
1246 801 1401 872 narrat*

313 927 383 1010 De
402 935 590 1006 consorte
608 947 684 1000 suo
694 957 706 1012 ;
725 943 849 996 rursu
858 911 1044 1021 festinus
1068 901 1218 986 anhelo

312 1036 509 1123 Advolat
527 1031 706 1115 armenti
722 1041 861 1108 eustos
881 1023 1071 1105 Plancius
1092 1010 1265 1099 Anetor.
1434 1005 1522 1117 348

313 1153 408 1235 Heu
431 1147 583 1243 Peleu,
603 1142 750 1246 Peleu,
771 1165 950 1250 magnae
968 1134 1046 1215 tibi
1061 1132 1232 1223 nuntius
1248 1121 1401 1208 adsum

317 1260 487 1358 Cladis,
506 1255 592 1339 ait!
617 1250 890 1366 quodeunque
898 1247 1032 1355 ferat,
1046 1243 1163 1356 iethet
1180 1238 1300 1324 edere
1322 1235 1490 1322 Peleus:

315 1369 527 1488 (Pendet,
546 1386 585 1451 et
603 1369 690 1472 ipse
709 1378 815 1445 metu
834 1359 1012 1469 trepidat
1031 1354 1284 1440 Trachinius
1301 1343 1467 1459 iterus.)

313 1489 394 1572 Ille
412 1485 535 1590 refert
553 1524 565 1566 .·
584 1483 739 1568 Fessns
755 1475 818 1557 ad
831 1475 971 1555 littora
983 1499 1109 1553 curva
1122 1463 1323 1580 J‘uremos

316 1598 594 1708 Appuleram‚
614 1587 748 1672 medio
767 1617 861 1671 eum
880 1585 957 1669 Sol
969 1582 1199 1666 altissimus
1219 1577 1315 1662 orbe

316 1712 495 1795 Ταηιιιηι
514 1706 751 1816 respiceret,
770 1713 968 1810 quantum
986 1720 1194 1806 superesse
1212 1683 1377 1776 rident.

315 1824 502 1932 Parsque
521 1823 640 1902 boum
649 1814 784 1924 fuluis
798 1837 939 1924 genua
956 1807 1183 1891 inclinarat
1208 1799 1368 1892 arenis,
1432 1791 1520 1884 355

314 1937 595 2045 Laterumque
602 1930 756 2043 jacens
774 1951 942 2036 carpos
960 1919 1172 2030 spectabat
1188 1937 1408 2028 aquantm:
1425 1993 1433 2016 ,

361 3283 432 3338 Fri.
454 3285 507 3339 tx.
528 3283 595 3352 Arg.
616 3284 699 3355 Quae
718 3279 787 3336 duu
816 3276 970 3352 Lucifero,
992 3285 1045 3334 ete.
1066 3275 1177 3334 Auster
1197 3283 1294 3351 pistor
1313 3279 1522 3337 armentorum,

282 3341 376 3450 ‘qnae
395 3373 495 3432 Peleus
506 3375 539 3428 nti
560 3377 652 3448 Ceyce
675 3372 859 3450 perduxerit,
878 3369 984 3428 indicet
1003 3391 1019 3426 a
1038 3367 1122 3446 lupo.
1137 3365 1183 3424 cni
1203 3364 1301 3424 obsisti
1321 3361 1460 3440 nequiret,
1473 3379 1524 3419 eu·

303 3467 413 3523 stadem
434 3467 572 3534 interimi,
593 3467 642 3540 qni
663 3479 694 3522 ut
715 3462 853 3522 intellexit
875 3460 1066 3544 Psnmprathes
1084 3459 1217 3516 Nereidis
1236 3459 1276 3515 iri
1300 3453 1355 3514 sibi
1372 3453 1502 3513 renidere
1513 3491 1527 3522 ,

302 3560 378 3634 quod
399 3559 510 3617 Phocus
531 3579 564 3614 ex
584 3577 616 3613 en
638 3569 666 3614 et
685 3561 770 3614 AEaeo
790 3557 901 3634 genitns
920 3577 935 3610 e
955 3573 985 3611 se
1000 3552 1167 3619 interisset,
1188 3561 1217 3608 et
1236 3550 1264 3608 id
1285 3549 1415 3628 praeibas
1434 3545 1524 3624 magis

302 3672 384 3726 quarn
406 3653 514 3709 uitione
533 3669 594 3708 esse
614 3649 781 3716 sedandum,
801 3647 966 3726 stippiieiter
985 3645 1073 3702 eben
1094 3645 1177 3724 petit,
1190 3663 1227 3702 ne
1248 3643 1320 3701 nitra
1340 3659 1524 3722 prosequere·

300 3753 347 3797 tur
366 3741 539 3810 adinissum,
558 3760 630 3816 quae
656 3739 808 3814 aliqnando
828 3735 957 3794 Thetidis
975 3735 1078 3793 sororis
1096 3747 1172 3792 inotn
1193 3733 1379 3812 precibusne
1404 3727 1524 3807 implius

299 3831 357 3888 seri
377 3846 501 3890 irnientn
523 3845 622 3908 petens
641 3831 776 3896 saeviret,
795 3829 824 3886 in
844 3829 904 3886 sari
924 3849 986 3886 earn
1006 3826 1124 3904 figuram
1138 3828 1233 3886 vertit.

356 3927 419 3994 347.
442 3925 482 3979 De
502 3925 639 3979 Consorte
660 3940 719 3976 suo.
739 3921 847 3974 Fratre
865 3937 918 3974 siin
940 3917 1130 3975 uectatione.

356 4017 419 4069 351.
440 4014 548 4071 Pendet
569 4015 675 4089 etipse
696 4025 774 4067 metu
795 4011 915 4087 trepidat
934 4007 1102 4065 Trachinius
1121 4008 1186 4064 oris.
1206 4003 1341 4084 Trepidnt
1354 4001 1525 4062 Trachinins

297 4103 380 4162 heros
399 4109 566 4162 vetustiores
583 4107 736 4181 nirqnanto
755 4107 875 4170 rectius,
895 4101 946 4158 sed
966 4111 995 4156 et
1014 4101 1089 4156 inne
1108 4117 1217 4157 versum
1239 4117 1304 4155 eum
1324 4097 1393 4153 aliis
1411 4097 1522 4170 spuriis

297 4220 335 4254 ex
354 4199 409 4254 ine
428 4218 557 4273 purpure
578 4207 672 4253 censet
687 4215 747 4253 esse
766 4194 960 4272 ablegandum
980 4195 1124 4248 Heinsius.

357 4292 420 4344 352.
444 4288 485 4343 td
506 4287 610 4344 littora.
635 4289 790 4362 Antiatum,
810 4296 862 4340 ant
882 4283 923 4338 ad
941 4280 1126 4358 refrigerium
1146 4281 1309 4336 Mercurius
1316 4320 1325 4345 ,
1349 4281 1444 4352 patris
1458 4277 1526 4354 jas·

298 4399 346 4448 su,
367 4389 496 4436 aretenta
517 4381 595 4436 iliius
614 4383 739 4454 regionis
757 4377 798 4434 aci
815 4379 898 4434 littus
917 4374 1084 4450 competiit,
1103 4373 1156 4429 tui
1174 4375 1255 4428 exitu
1276 4373 1329 4430 tit.
1353 4393 1379 4428 n.
