3338 5258
368 279 451 368 326
705 303 738 364 r.
760 303 888 364 0ku
905 299 1071 364 sssosss

281 429 376 511 Sint
399 443 472 506 tua
493 440 585 506 rota
604 422 720 522 lieet,
740 421 881 515 dixit,
899 449 1047 506 secura
1064 417 1275 529 repulsae:
1410 449 1495 536 199

282 539 414 652 Elige
433 535 539 648 quid
553 561 725 616 voveas.
741 531 905 616 Eadem
923 535 1002 618 liae·
1014 561 1176 644 quaque
1190 537 1326 616 Fama
1339 529 1532 638 fluebat.

282 650 514 762 Magnum,
538 645 689 729 Caenis
707 649 768 727 ait
780 707 793 740 ‚
807 645 919 752 facit
937 647 1040 730 ltaea
1057 646 1214 758 injuria
1233 661 1399 744 uotum,

284 761 388 844 Tale
402 761 497 868 pati
512 761 577 841 nil
591 787 715 870 passe
733 758 842 838 milti.
863 758 938 840 Da
947 758 1139 866 faemina
1158 787 1210 837 ne
1227 759 1328 842 sime

285 874 438 957 Omnia
452 872 720 980 praestiteris.
745 867 944 952 Graviore
961 871 1183 952 novissima
1202 867 1319 951 dixit

289 979 424 1074 Verba
442 1013 566 1069 sona:
581 999 820 1094 poteratque
839 983 919 1066 riri
934 1010 1017 1065 vox
1035 982 1111 1062 illa
1131 979 1263 1064 videri
1272 1037 1282 1080 ‚

286 1099 404 1182 Sicut
423 1112 520 1178 erat.
541 1095 651 1176 Nam
660 1091 755 1208 jam
776 1109 866 1176 roto
885 1093 1005 1176 Deus
1022 1094 1214 1203 aequoris
1230 1093 1312 1174 alti
1411 1095 1495 1182 205

286 1213 530 1292 Auauerat:
550 1204 801 1317 dederatque
819 1233 966 1315 super,
985 1234 1036 1286 ae
1055 1206 1225 1288 saucius
1243 1204 1343 1288 ullis

291 1320 540 1408 Vulneribus
545 1318 656 1426 fieri
660 1319 829 1428 ferrove
848 1318 1083 1400 accumbere
1095 1333 1247 1428 posset.
1326 1373 1328 1378 .

287 1431 466 1516 Munere
486 1431 621 1513 laetus
639 1430 753 1517 abit:
775 1427 1007 1542 studiisque
1025 1429 1220 1512 virilibus
1237 1457 1381 1514 aevum

290 1541 451 1657 Erigit
470 1539 721 1643 Atracides,
741 1541 977 1653 Peneiaque
999 1570 1099 1630 arra
1112 1556 1312 1651 pererrat.

351 3941 413 3979 rer.
432 3923 564 4002 Magnum
585 3919 651 3980 feeit
670 3911 771 3999 injuria
790 3934 899 3984 votum.
919 3919 998 3981 llaec
1017 3927 1142 4001 injuria,
1161 3927 1269 4003 iuquit,
1288 3941 1348 4005 que
1368 3927 1438 3986 milri
1452 3927 1506 3984 vir·

292 4011 443 4087 giaitateue
464 4017 609 4090 eripuisti,
629 4013 740 4091 fficit,
761 4025 792 4070 at
812 4035 919 4092 utagua
938 4025 1036 4092 petere
1056 4015 1191 4072 audeam.

351 4107 413 4162 203.
436 4104 541 4162 Omnia
560 4105 743 4184 praestiteris.
765 4111 808 4165 De
818 4107 960 4182 foeminis
979 4109 1121 4164 cattversis
1134 4111 1163 4163 ia
1182 4127 1290 4178 mares,
1312 4110 1386 4166 Plia.
1400 4130 1426 4184 7.
1448 4127 1510 4183 cap.

296 4199 322 4268 4.
345 4197 416 4252 Geli.
437 4197 486 4252 lib.
505 4220 532 4270 9.
553 4219 618 4274 cap.
638 4205 665 4273 l.

353 4307 415 4361 209.
434 4289 543 4347 Pene'ie
562 4311 637 4350 erse.
661 4293 718 4348 Per
738 4313 813 4370 quae
832 4294 944 4349 Peneus
963 4293 1078 4350 labitur.
1099 4291 1259 4352 Atracides.
1278 4299 1405 4352 Caeneus
1426 4289 1510 4350 Thes·

292 4379 386 4451 salus,
405 4390 447 4441 est
467 4384 541 4442 euim
562 4385 657 4444 Atrax
677 4384 743 4443 urbs
774 4384 940 4444 Thessaliae
958 4381 1039 4462 apud
1057 4383 1191 4444 Peaeum.
1205 4385 1247 4459 fl·
1350 4417 1352 4422 ,
