3338 5258
384 273 464 357 523
730 297 763 354 e.
784 297 911 356 ovino
929 293 1099 356 susosss

303 417 508 500 Duxerat
529 411 818 524 Hippodamen
838 413 1001 497 audaci
1017 415 1169 496 Ixione
1182 427 1321 502 natus.-
1436 437 1523 500 eso

304 528 634 638 Nubigenosoue
642 527 762 636 feros
778 591 787 626 ,
801 527 953 636 positis
970 555 1029 606 ex
1048 522 1193 608 ordine
1211 524 1387 626 mensis,

303 641 536 723 Arboribus
557 655 664 719 tecto
684 637 939 721 discumbere
947 637 1135 750 jusserat
1154 653 1287 720 antro.

303 752 529 836 Haemonii
540 780 731 860 proceres
749 747 924 830 aderent
939 778 952 860 3
970 747 1193 832 aderamus
1211 767 1250 832 et
1268 751 1373 862 ipsi:

308 869 350 951 F
345 880 515 975 estaque
534 863 715 969 eonfiesa'
734 863 953 944 resonabat
971 863 1089 976 regia
1108 864 1238 946 turhei.
1425 874 1514 974 214

306 976 425 1060 Ecce
445 993 601 1056 canunt
621 977 895 1087 Hymenaeon
918 994 956 1057 et
977 976 1145 1089 ignibus
1163 977 1273 1057 atria
1281 975 1486 1084 fumant:

310 1089 537 1198 Cinctaque
556 1087 676 1168 adest
694 1089 809 1198 uirgo
829 1106 1001 1169 matrum
1023 1117 1276 1200 nuruumque
1294 1093 1488 1191 caterva,

307 1201 555 1311 Praesignis
563 1201 696 1308 facie.
723 1199 900 1284 Felicem
920 1201 1114 1282 dicimus
1132 1200 1210 1282 illa'

312 1313 497 1427 Coujuge
519 1313 776 1398 Pirithoum:
795 1313 910 1425 quod
920 1343 1025 1422 pene
1035 1313 1268 1421 fefellimus
1287 1341 1418 1398 omen

309 1427 421 1510 Nam
441 1425 534 1522 tihi,
553 1452 772 1506 suessorum
791 1428 1027 1509 saevissime
1049 1423 1370 1524 Centaurorum,

310 1537 502 1646 Euryte,
523 1565 647 1646 quarn
666 1539 767 1617 vino
781 1556 954 1646 pectus,
974 1555 1057 1620 tam
1077 1539 1243 1648 uirgine
1262 1538 1353 1622 visci
1437 1563 1523 1626 220

309 1650 447 1735 Anlet
472 1667 510 1731 et
529 1651 704 1732 ebrietas
719 1650 934 1761 geminata
954 1647 1125 1732 libidine
1144 1666 1303 1762 regnat.

367 3392 429 3428 uso.
452 3374 659 3451 Hippodamen.
678 3375 880 3434 Ischomarhen
901 3381 1030 3436 nominat
1050 3379 1220 3456 Propertius
1239 3379 1287 3438 lib.
1306 3397 1332 3437 ι.
1353 3379 1399 3436 El.
1420 3397 1446 3436 e.
1467 3377 1532 3434 Del·

310 3465 449 3532 damiam,
471 3470 597 3524 Theseus
617 3471 646 3524 in
666 3471 834 3528 Plutarcho.

368 3579 397 3612 ιι
410 3563 433 3613 ι.“
454 3560 680 3636 Nubigenusque.
703 3565 785 3620 Nube
804 3583 858 3638 pro
875 3567 990 3619 lunone
1009 3586 1027 3617 u
1047 3565 1117 3619 lare
1137 3565 1285 3638 supposita
1305 3566 1430 3640 genitos:
1439 3559 1532 3636 sebee·

310 3647 368 3700 lam
387 3654 505 3714 expauit
525 3651 727 3726 Palaephatus
745 3652 792 3708 lib.
818 3675 839 3708 ι.
859 3655 896 3707 cle
915 3655 1016 3708 ineolis
1037 3658 1167 3709 montani
1185 3657 1271 3730 pugi,
1291 3655 1340 3710 cui
1358 3669 1458 3709 nomen
1478 3651 1534 3708 Ne·

311 3738 407 3812 phele,
426 3744 475 3817 qui
494 3761 583 3818 equos
601 3747 687 3816 primi
705 3747 890 3814 domueruut3
911 3747 996 3800 iidem
1016 3765 1097 3822 equis
1110 3751 1184 3803 vecti
1203 3757 1305 3804 lauras
1324 3757 1420 3802 oestro
1439 3747 1468 3798 in
1477 3741 1533 3816 su·

310 3850 401 3889 rorem
422 3837 589 3909 exagitatas
608 3846 637 3890 et
665 3836 834 3894 Thessaliae
846 3838 936 3906 culta,
949 3849 979 3895 et
991 3850 1058 3896 sato
1073 3859 1177 3915 pecora
1190 3840 1370 3916 infestantes,
1383 3838 1421 3894 ab
1432 3836 1535 3894 Ixione

310 3932 441 3998 proemio
461 3931 674 3984 iuteremerunt.

370 4023 435 4073 213.
455 4018 577 4074 AEmonii
598 4039 737 4096 proceres.
759 4019 892 4076 Thessali
908 4024 1061 4098 principes.

368 4114 431 4167 215.
451 4112 648 4185 Hymenaeon.
669 4113 809 4188 Nuptiole
826 4133 952 4170 carnion.
972 4115 1097 4189 Ignibus.
1121 4113 1239 4192 Nuptiis
1257 4133 1314 4172 non
1323 4113 1415 4188 faces
1434 4111 1533 4180 modo,

310 4199 361 4255 secl
379 4209 407 4253 et
426 4219 515 4264 arae,
535 4211 565 4256 et
582 4221 668 4258 sacra
689 4203 841 4273 adhibila,
862 4207 967 4279 Illique
986 4203 1130 4260 advocati.

369 4299 434 4349 218.
455 4293 539 4364 Quod
560 4315 632 4370 pene
653 4296 805 4356 fefellimus
824 4315 917 4356 omen.
938 4294 1145 4370 Penesalsnm
1163 4293 1310 4372 effectuae
1333 4303 1453 4372 propter
1470 4311 1534 4350 ean

311 4402 388 4461 quae
406 4393 508 4442 secuta
526 4395 570 4443 est
589 4390 696 4448 rixam.
