3350 5268
368 410 450 508 214
690 419 723 475 r.
754 414 880 474 osunu
909 409 1073 468 ussoms

288 543 425 628 Caede
441 544 587 632 boum,
604 533 821 644 diramque
828 531 989 641 famem
1007 527 1182 619 satiare,
1201 520 1279 606 scd
1295 541 1415 603 omne

289 657 489 746 Vulnerat
500 662 752 738 armentum,
771 643 994 752 sternitque
1012 637 1217 719 hostiliter
1231 661 1360 716 omne.

288 771 398 852 Pars
415 793 574 877 quoque
586 760 640 844 de
658 757 776 841 nobis
785 757 959 866 funesto
977 751 1125 834 saucia
1143 775 1301 842 morsu,
1465 857 1473 868 ·

286 881 401 964 Dum
419 878 704 987 defensamus,
720 869 804 951 leto
821 884 883 950 est
900 865 1023 950 dota.-
1041 863 1249 974 sauguine
1266 858 1385 940 littus

291 989 496 1102 Undaque
512 987 650 1098 prima
667 983 829 1081 rubent,
855 978 1169 1090 demugitaeque
1179 968 1373 1100 paludes.
1402 963 1491 1078 375

290 1104 375 1187 Sed
394 1131 509 1184 mora
526 1099 730 1182 damnosa
749 1109 827 1194 est,
846 1119 924 1174 nec
936 1117 1001 1171 res
1019 1087 1208 1170 dubitare
1225 1085 1414 1164 remittit:

291 1217 405 1300 Dum
425 1225 605 1322 superest
623 1203 808 1317 aliquid,
826 1204 972 1288 cuncti
987 1211 1198 1292 coeamus,
1212 1213 1252 1277 et
1269 1223 1407 1296 arma,

290 1331 424 1411 Arma
444 1346 729 1435 capessamus,
747 1315 1054 1506 conjunctalpue
1072 1311 1155 1392 tela
1163 1311 1368 1419 feramus.

288 1443 476 1526 Dixerat
495 1432 699 1548 agrestis.-
722 1457 799 1511 nec
818 1425 944 1508 Pelea
994 1453 1120 1504 amna
1139 1423 1387 1530 movebant3

291 1551 377 1637 Sed
391 1577 544 1631 nwmor
558 1541 736 1626 admissi
751 1533 938 1624 Nereida
956 1533 1120 1647 colligit
1141 1534 1278 1615 orbam
1410 1529 1494 1616 380

290 1667 461 1748 Damna
475 1659 544 1742 sui
559 1655 733 1764 inferias
745 1647 958 1734 exstincto
976 1648 1133 1728 mittere
1152 1646 1306 1728 Plzoco.

291 1778 468 1860 Induere
485 1797 602 1852 arma
620 1753 755 1861 viros}
773 1762 1029 1870 uiolentaque
1046 1786 1204 1840 sumere
1223 1757 1307 1840 tela

292 1892 384 1972 Iler
392 1884 511 1997 jubet
531 1879 732 1968 Oetaeus,
752 1903 845 1956 cum
864 1879 959 1985 quis
976 1869 1104 1952 simul
1116 1871 1393 1978 ipseparabat

294 2005 375 2086 Ire.-
391 1995 468 2078 sed
483 1991 705 2101 Halcyone
722 1986 887 2099 conjux
905 1984 1051 2067 eoecita
1070 1982 1246 2062 tumultu

292 2110 482 2210 Prosilit,
496 2121 563 2204 et,
582 2101 766 2185 nondum
784 2114 891 2182 totos
904 2110 1058 2180 ornata
1078 2093 1280 2206 capillos,
1413 2089 1499 2180 385

344 3336 407 3404 ³7⁵·
427 3331 661 3410 Demugitaeque.
681 3335 770 3390 Boum
790 3335 956 3392 sauciorum
975 3334 1085 3408 mugitu
1105 3335 1266 3390 reboantes.
1294 3331 1435 3412 Undique
1458 3334 1515 3414 pri·

286 3445 340 3482 tun.
361 3426 446 3499 Quod
463 3435 505 3482 est
525 3427 695 3502 principium
715 3424 881 3490 undarum,
901 3424 979 3500 quod
998 3426 1067 3482 litus
1086 3429 1191 3502 tangit.

342 3518 406 3572 3⁸0.
423 3515 540 3572 Nereida
554 3513 659 3592 colligit
679 3513 785 3572 orbum.
798 3517 860 3572 Hoc
871 3525 930 3582 est,
945 3517 1143 3571 ratiocinatur
1157 3515 1333 3572 Psamathen
1352 3515 1510 3592 nympham

286 3609 375 3664 l'lmm'
394 3617 513 3664 matrem
530 3608 593 3682 filio
613 3604 735 3680 inferias
761 3610 881 3663 mittere.
902 3605 957 3663 seo
985 3625 1100 3663 memor.
1121 3610 1257 3664 Conscius
1283 3611 1338 3665 silu‘
1355 3609 1511 3682 parricidii

285 3699 409 3766 Peleus,
428 3701 592 3771 suspicatur
609 3699 805 3764 Psamathen,
824 3699 912 3755 Nerei
929 3697 1037 3770 filiam,
1057 3717 1132 3774 quae
1152 3703 1181 3755 ia
1202 3701 1306 3777 templa
1324 3701 1376 3758 ttto
1394 3701 1512 3758 coleba-

286 3799 352 3852 tur,
372 3791 426 3844 sibi
454 3792 613 3858 intensam,
635 3789 718 3846 baum
737 3789 905 3862 aceedefilt'o
925 3807 979 3844 suo
1001 3789 1095 3846 Phoco
1125 3789 1248 3864 inferias
1267 3789 1380 3864 referre
1411 3791 1508 3860 oe'lleg

285 3881 411 3952 reprimit
430 3900 500 3956 ergo
517 3899 549 3936 se
567 3898 690 3956 suosque
707 3880 746 3936 alt
765 3884 854 3936 armis
877 3890 905 3938 et
926 3879 1076 3950 uindicta,
1096 3889 1183 3958 atque
1201 3881 1243 3938 ad
1260 3882 1437 3958 placandum
1456 3901 1510 3938 nu·

286 3991 350 4030 mm
368 3992 399 4028 sa
418 3974 568 4042 conuertit.
788 3981 791 3986 ’

344 4066 408 4120 383.
431 4064 566 4122 Oetaeus.
587 4068 668 4140 Ceyx
691 4063 842 4120 Traclu’ms
862 4065 942 4121 urbis
972 4065 1162 4133 'l'ltessa'liae,
1185 4082 1272 4139 quam
1305 4063 1442 4121 Hercules
1460 4063 1515 4119 sulr

289 4156 361 4208 Oeta
382 4163 477 4208 moute
495 4153 643 4222 condidit,
661 4171 750 4227 supra
773 4153 815 4210 ad
833 4173 858 4211 ν.
884 4173 947 4226 27⁰·
1469 4223 1473 4230 Ι

345 4247 409 4316 384.
428 4243 532 4301 Exclu.
553 4249 687 4302 Evocate
700 4264 738 4302 ex
758 4249 860 4302 intima
879 4244 997 4303 aedium
1019 4255 1102 4320 parte
1114 4263 1150 4300 ac
1169 4247 1332 4321 Gynaeoeo.
1354 4245 1513 4322 Significat

285 4347 381 4392 autem
403 4337 575 4412 Halcyauam
597 4337 634 4395 de
652 4341 704 4396 oin'
722 4338 836 4404 salute,
857 4357 937 4416 quem
958 4339 1198 4396 vehementissima
1218 4339 1360 4406 amabat,
1381 4343 1517 4416 maxime

288 4429 440 4486 sollicitam
459 4446 528 4485 esse.
