3358 5256
411 365 465 458 92
747 368 781 428 t.
800 365 930 430 onan
947 362 1116 430 utinm

328 486 521 576 Indicet:
539 502 579 568 et
594 486 753 600 gremio
771 488 1074 599 lacrymantem
1093 483 1202 568 tollit
1219 484 1330 570 anili
1335 525 1348 584 ;
1444 485 1527 596 406

328 602 470 714 Atque
487 600 549 682 ita
566 600 843 709 complectens
860 597 1046 706 infirmit
1059 597 1175 681 colla
1190 599 1386 695 lacertis,

329 713 553 806 Sensimus,
566 713 709 822 inquit:
730 741 868 805 amas,
880 727 919 792 et
931 712 977 792 in
988 713 1068 796 ltoc
1079 739 1170 792 mea
1188 710 1311 824 (pone
1322 709 1526 825 timorem)

329 825 541 910 Sedulitas
559 826 636 907 erit
654 843 755 935 apta
773 825 850 908 titi
857 863 870 923 ;
890 852 967 906 nec
985 825 1130 906 sentiet
1150 853 1333 934 unquam
1444 835 1527 940 409

195 1037 201 1058 Ι
327 939 423 1022 Hac
435 952 566 1049 pater.
586 935 783 1020 Exsiluit
797 937 956 1048 gremio
965 936 1230 1045 furibunda,
1249 953 1462 1048 torumque

332 1049 414 1135 Ore
428 1078 641 1158 premens,
659 1048 870 1147 Discede,
886 1077 1058 1159 precor3
1082 1049 1307 1158 miseraque
1321 1051 1480 1156 pudori

329 1163 490 1261 Parce,
509 1163 581 1243 ait.
600 1162 808 1256 instanti,
827 1160 1027 1255 Discede,
1046 1181 1120 1244 aut
1138 1161 1305 1268 desine,
1327 1159 1472 1257 discit,

329 1273 538 1470 generare
552 1272 658 1386 quid
667 1274 841 1358 doleam:
861 1275 998 1358 scelus
1011 1292 1088 1373 est,
1104 1273 1218 1388 quod
1228 1277 1336 1356 seim
1350 1274 1528 1359 laboras.

374 1401 480 1471 arrei
497 1415 630 1496 anus3
655 1389 928 1501 tremulasque
946 1417 1095 1472 manus
1116 1388 1321 1500 annisque
1340 1404 1531 1501 metuque

381 3977 444 4048 4⁰7·
464 3975 662 4052 Compleetens
681 3975 808 4034 membre
828 3973 949 4034 incertis.
960 3973 1039 4034 Colle
1059 3995 1114 4034 sea.
1128 3978 1227 4034 Putat.
1246 3977 1401 4054 aliquanto
1418 3976 1553 4046 rectius,

326 4075 359 4122 at
378 4069 407 4122 in
429 4087 485 4125 uno
518 4070 669 4136 Medicea,
694 4082 774 4129 uste:
805 4079 930 4128 uenuste.
963 4073 1062 4130 Natae
1092 4073 1166 4144 enirn
1189 4070 1325 4125 alumnae
1349 4067 1546 4126 inatricibus

325 4157 575 4233 appellabantur,
594 4171 624 4217 et
643 4161 713 4219 iliae
731 4171 834 4219 eontra
856 4163 894 4218 ab
913 4160 1038 4218 alumnis
1059 4171 1176 4218 matres.

384 4253 448 4320 408.
467 4249 621 4308 Sensimus.
632 4255 697 4328 Qua
728 4253 849 4311 solertia
870 4255 1004 4327 Leptines
1028 4251 1278 4317 Mathematicus,
1297 4249 1340 4304 uel
1360 4257 1391 4305 ut
1411 4247 1466 4303 alii
1485 4253 1546 4302 tra·

327 4338 421 4409 dunt,
442 4343 641 4399 Erasistratus
660 4345 788 4404 melleus
806 4363 934 4402 amarem
953 4343 1104 4420 indagant
1123 4339 1277 4398 Antiniaclu'
1287 4341 1350 4414 filii
1369 4341 1483 4398 Seleuci
1502 4357 1545 4393 re·

326 4436 393 4508 gis,
413 4437 463 4510 qui
481 4451 632 4493 nouercam
652 4437 794 4514 deperiit,
812 4433 877 4513 lege
897 4437 979 4512 apud
999 4434 1187 4492 Plutarchum
1207 4435 1236 4490 in
1258 4437 1413 4504 Demetrio,
1436 4433 1549 4509 Appia·

329 4541 396 4584 num
415 4529 445 4586 in
465 4531 611 4604 Syriacis3
632 4531 703 4590 Val.
722 4534 888 4589 Maximum
908 4531 957 4587 nt.
978 4532 1005 4587 5.
1024 4547 1089 4605 cap.
1110 4549 1136 4603 7.
