3314 5264
429 409 459 508 4
760 421 793 484 Ρ.
813 423 938 484 ovmn
965 423 1130 485 sisoius

343 539 480 653 thue
487 541 598 649 fuit,
618 537 755 623 nullos
773 542 927 624 invenit
944 542 1122 623 motibus
1139 542 1278 655 ignes.

336 651 502 737 Exitus
519 654 708 761 euspicio
723 653 920 764 gravior:
939 683 1034 735 num
1053 670 1204 762 nuptu,
1213 683 1292 762 per
1309 653 1454 737 herbas

234 767 237 774 ’
340 767 456 850 Dum
476 793 588 847 noun
606 763 823 848 Naiadum
841 767 964 850 turhci
982 768 1182 851 comitate
1200 783 1413 879 nugatur,

341 875 530 976 Occidit,
550 878 744 959 inicium
765 880 964 988 serpentis
983 877 1103 960 dente
1121 897 1296 988 recepto.
1499 909 1549 964 10

343 991 476 1102 Quum
502 993 605 1072 sutis
622 989 684 1072 ud
699 1019 870 1098 superos
881 1006 1102 1100 postquam
1121 991 1385 1099 Rhodopeius
1402 1022 1534 1076 aures

338 1102 519 1216 Deflevit
539 1119 670 1199 vutes;
690 1131 740 1184 ne
759 1131 841 1182 non
863 1120 1036 1185 tentaret
1055 1121 1095 1184 et
1114 1107 1293 1186 umbras.

337 1213 417 1299 Ad
433 1217 571 1327 Styge
594 1216 636 1297 Τ
632 1217 805 1297 cenerici
823 1232 884 1296 est
901 1245 1029 1300 ausus
1048 1215 1298 1299 descendere
1313 1221 1454 1326 portd.

339 1327 499 1437 Perque
518 1329 631 1407 leves
645 1328 820 1436 populos
839 1329 1145 1440 simulacraque
1152 1330 1312 1438 functe
1331 1330 1537 1437 sepulcris

339 1439 626 1546 Persephonen
644 1438 774 1533 adiit,
793 1441 1090 1552 inamoenaque
1107 1470 1238 1554 regnu
1258 1457 1458 1522 tenentem
1496 1439 1547 1524 15

345 1550 589 1634 Umbrorum
606 1549 838 1640 dominum.-
851 1553 1067 1664 pulsisque
1084 1552 1147 1636 ad
1165 1555 1353 1638 carmina
1372 1555 1521 1640 nervis

382 3945 408 3998 8.
419 3933 489 3992 Nam
513 3943 609 4010 nupia.
629 3933 661 3991 V
659 3934 711 4008 irg.
733 3936 758 4002 4.
772 3932 873 4008 Georg.
889 3925 980 4002 neser!
993 3930 1158 4006 Eurydicen
1172 3928 1363 4010 dumsugerei
1377 3932 1546 3990 Aristaeum

327 4023 459 4082 incidisse
477 4027 506 4080 in
531 4021 780 4098 colubrum,cujus
803 4037 899 4076 morsu
922 4020 1040 4076 interiit.

387 4123 429 4174 13.
450 4116 594 4173 Taenaria.
618 4117 769 4171 Taenarus
787 4115 1011 4192 promontorium
1040 4121 1083 4171 esi
1101 4115 1257 4179 boconiae,
1281 4115 1329 4171 ubi
1352 4121 1476 4179 antrum,
1498 4131 1546 4170 cu·

322 4209 373 4282 jus
396 4217 497 4265 vastus
519 4208 624 4274 hiatus,
649 4205 793 4282 rupium,
812 4202 932 4262 auditus
955 4205 1090 4276 strepitus
1126 4207 1307 4262 occasionum
1339 4199 1445 4260 dedere
1463 4201 1552 4275 fobu·

327 4299 451 4356 lantibus
470 4308 570 4373 patere
594 4297 640 4353 inc
662 4297 825 4354 descensum
845 4293 888 4351 ad
913 4291 1032 4368 inferos·

388 4395 431 4447 ιδ.
449 4389 660 4468 Persephonen.
680 4390 893 4464 Proserpinam.

384 4487 430 4536 ιδ.
454 4480 624 4539 Umbrarum
644 4476 799 4536 doheinum.
816 4477 976 4536 Plutonem.
