3350 5268
435 348 512 450 ¹74
764 363 798 424 r.
820 259 959 423 onori
973 361 1143 426 uesoms

346 485 481 598 Orgia
500 475 733 564 tradiderat
749 508 846 562 oum
868 479 1063 590 Cecropio
1077 481 1299 592 Eumolpo.

349 599 436 708 Qui
451 596 579 678 simul
592 595 761 708 ognovit
779 592 937 674 socium
955 595 1223 707 comitemque
1236 619 1463 698 sacrorum,

344 711 534 820 Hospitis
551 707 731 792 aduentu
739 707 898 814 festum
914 707 1140 818 genialiter
1155 709 1242 820 egit
1402 717 1405 724 “
1504 703 1563 821 95

345 824 430 906 Per
440 825 503 905 bis
522 823 702 932 quinque
720 817 823 922 dies,
845 834 884 898 et
893 819 1069 931 junctos
1088 817 1233 902 ordine
1254 837 1409 902 nocte&

345 935 406 1019 Et
417 937 509 1049 jam
530 935 740 1016 stellarum
759 930 931 1014 sublime
950 943 1143 1044 coegerat
1160 961 1313 1046 agmen

345 1050 521 1157 Lucifer
536 1045 792 1137 undecimus,
812 1041 960 1154 Lydos
979 1073 1072 1126 curn
1092 1047 1226 1160 laetus
1244 1048 1290 1128 in
1303 1073 1431 1158 agros

346 1167 443 1248 Rea
462 1162 590 1256 venit;
609 1174 648 1238 et
655 1158 804 1268 juveni
823 1157 1007 1239 Silenum
1026 1155 1163 1240 reddit
1176 1157 1356 1242 alumno.

346 1275 460 1357 Huic
478 1273 597 1354 Deus
615 1269 791 1380 optandi
804 1284 981 1385 gratum,
1006 1269 1084 1354 sed
1099 1272 1265 1367 inutile,
1282 1268 1385 1376 fecit
1479 1299 1557 1356 roo

345 1387 541 1470 Muneris
558 1383 786 1484 arbitrium,
801 1379 996 1496 gaudens
1014 1384 1144 1474 altore
1157 1399 1334 1496 recepto.'

345 1500 425 1582 Ille
443 1499 549 1578 mole
569 1524 718 1578 usurus
736 1494 873 1600 donis,
894 1499 968 1596 ait,
988 1495 1137 1614 Effice,
1157 1493 1364 1610 quicquid

350 1610 531 1720 Corpore.
544 1611 764 1719 contigero,
772 1608 937 1718 fulvum
956 1625 1145 1692 vertatur
1161 1608 1207 1692 in
1227 1637 1384 1692 aurum.

347 1723 512 1806 Annuit
526 1725 703 1832 optatis:
731 1723 1001 1834 nocituraque
1019 1751 1189 1802 munera
1207 1721 1329 1806 solvit

345 1835 484 1942 Liber,
506 1867 528 1917 e
547 1833 740 1934 indoluit,
760 1833 876 1945 quod
890 1862 975 1917 non
993 1834 1163 1918 meliora
1175 1835 1360 1943 petisset.
1481 1833 1560 1921 105

348 1948 505 2034 Laetus
522 1949 623 2050 abit,
638 1945 877 2061 gaudetque
894 1948 1004 2032 molo
1023 1947 1324 2061 Berecyntkius
1337 1948 1476 2048 teme,-

392 3619 439 3688 93.
458 3615 604 3694 Cecropio.
617 3617 762 3674 Eleusinia
781 3636 830 3675 seu
849 3619 1023 3690 Atheniensi,
1043 3622 1159 3678 Musaei
1174 3623 1258 3698 filio,
1279 3624 1385 3701 Orpltei
1404 3621 1562 3701 discipule,

334 3709 376 3766 ed
394 3709 590 3786 differentiam
615 3711 794 3777 Tltrocensit,
816 3717 865 3787 qui
875 3713 961 3790 filius
981 3713 1107 3790 Neptuni
1126 3726 1156 3773 et
1177 3718 1305 3774 Chiones.

392 3821 438 3872 99.
466 3801 568 3861 Juveni
589 3800 712 3860 alutonu.
725 3805 845 3857 Boeotio.

395 3911 458 3950 ιοο,
489 3894 565 3950 Huic
585 3895 671 3950 Deus.
685 3897 770 3950 Max.
784 3897 889 3970 Tyrius
902 3895 1002 3971 refert.
1023 3898 1137 3955 Midum
1150 3921 1169 3954 e
1181 3903 1292 3975 captivo
1304 3905 1413 3976 Satyro
1433 3901 1560 3956 inebria·

336 3993 374 4051 to,
393 4005 450 4040 non
470 4007 490 4039 a
510 3986 624 4042 Beeelto
643 3989 820 4054 impetrasse,
841 3997 874 4043 ut
895 3991 1021 4055 arbores.
1045 4002 1163 4066 tegetes,
1173 3994 1276 4066 stores,
1297 4003 1374 4049 terro
1387 4035 1399 4064 r
1413 3996 1509 4048 omnio
1530 3995 1560 4046 in

335 4095 439 4130 aurum
453 4087 638 4145 verterentur;
658 4097 790 4134 annonae
810 4080 875 4134 ltine
893 4085 1041 4156 penuriam
1061 4085 1196 4158 Phryges
1215 4085 1366 4154 inuasisttu
1386 4101 1469 4159 quem
1494 4081 1558 4136 otte

333 4169 487 4223 Dissertat.
509 4173 562 4236 30,
585 4169 648 4224 uide
668 4169 763 4226 Ptottt
793 4171 1012 4242 bibliothecam,
1033 4193 1075 4228 ox
1095 4177 1230 4243 Conone3
1251 4175 1318 4232 vide
1336 4185 1367 4232 et
1385 4172 1556 4232 Philostrnt.

334 4256 381 4310 tit.
407 4277 428 4312 ι.
448 4261 525 4312 icon.

401 4365 460 4402 ιοι.
491 4347 599 4406 Altore.
617 4351 715 4408 Sileno
732 4355 882 4408 nutritore.

394 4443 453 4492 106.
473 4439 685 4514 Berecynthius.
705 4441 804 4496 Midas
823 4461 875 4498 ree
897 4443 1049 4519 Phrygiae,
1068 4445 1097 4500 in
1116 4461 1174 4520 quo
1193 4461 1273 4502 mont
1293 4443 1496 4520 Bumntltut.
