3334 5254
401 343 481 428 308
734 365 769 424 r.
789 363 1097 428 ovmusesotns

318 483 443 566 Mars
461 510 621 592 quaque
648 481 698 562 ab
716 478 796 562 hoe
814 507 960 587 capere
976 509 1094 564 arma
1112 481 1227 564 soter.
1255 483 1543 584 Removebitur

403 622 520 678 omne
1387 597 1409 656 ’ὖ

321 709 365 794 T
361 707 536 820 egminis
553 705 752 900 ψοίιινω
773 720 910 785 tamen
928 703 1197 790 indestn'etns
1214 708 1346 800 abibae

318 819 403 903 Est
420 819 556 928 aliqui
598 845 710 916 ‚non
729 844 818 898 esse
835 830 970 897 satum
991 815 1193 918 Nereide,
1212 818 1291 901 sed
1307 822 1382 929 qui

318 931 554 1042 Nereaque,
574 945 613 1011 et
631 945 775 1021 natas,
794 944 834 1009 et
852 945 980 1010 totum
998 943 1189 1040 temperet
1206 961 1374 1043 aequore

318 1043 471 1130 Dixit.-
489 1060 529 1122 et
547 1044 764 1124 haesurum
783 1042 924 1151 clypei
940 1045 1175 1125 curvamine
1193 1044 1318 1126 telum
1472 1045 1527 1162 95

319 1158 442 1240 ttisu
461 1159 505 1237 in
524 1152 758 1252 AEaeiden‚
779 1151 893 1265 quad
909 1169 948 1234 et
966 1182 1063 1248 aes,
1082 1173 1122 1236 et
1136 1157 1338 1266 proxima
1357 1161 1469 1270 rupit

316 1267 454 1380 Terga
473 1296 629 1350 novena
647 1269 784 1348 baum:
804 1265 965 1349 decimo
984 1281 1120 1350 tamen
1139 1271 1233 1350 orbe
1250 1287 1453 1353 moratum

318 1378 502 1462 Excutit
519 1381 598 1462 leae
615 1379 754 1472 treros,
773 1406 995 1487 rursusque
1014 1382 1229 1463 trementia
1236 1383 1349 1490 forti

317 1491 422 1572 Tela
441 1521 566 1573 manu
585 1492 727 1574 torsit:
746 1519 886 1573 rursus
903 1491 994 1572 sine
1013 1494 1186 1575 uulnere
1204 1521 1376 1604 corpus,

314 1603 607 1715 Sr'naernmque
616 1604 732 1711 fuit,
751 1631 828 1684 nee
846 1604 967 1684 tertia
985 1605 1127 1713 cuspis
1144 1620 1355 1715 apertum,
1442 1639 1520 1694 100

313 1714 378 1797 Et
395 1745 439 1797 se
452 1719 711 1825 praebentem
729 1715 867 1796 valuit
885 1713 1139 1829 destringere
1160 1715 1371 1834 Cygnum.⁸

316 1826 450 1910 Haud
464 1857 583 1913 seens
603 1829 789 1920 exarsit,
809 1857 932 1938 quam
950 1825 1070 1912 Circa
1089 1845 1233 1913 taurus
1251 1849 1421 1941 aperta,

360 4233 407 4302 93·
436 4233 570 4311 sesqui.
589 4239 647 4297 Sed
666 4241 816 4316 Neptuno,
834 4249 882 4303 eui
891 4247 1066 4322 famulatur
1085 4253 1196 4310 Nereus
1215 4258 1319 4314 matris
1339 4267 1411 4318 tuae
1430 4269 1529 4336 pater.

302 4319 431 4379 Nereide.
454 4326 595 4386 Tteettde
610 4333 753 4406 nympha,
772 4335 858 4392 Neres¹
875 4338 952 4410 filia.

361 4431 422 4470 m.
453 4415 536 4474 Circo
556 4431 661 4496 aperto.
679 4427 826 4498 Spatt'aso.
845 4431 880 4482 ln
899 4431 975 4486 eirea
998 4439 1095 4488 autern
1114 4439 1280 4495 mutieres
1299 4437 1519 4496 exhibebantur.
