3338 5258
412 337 491 427 366
734 363 769 428 e.
797 362 1117 430 0v1m1msos1s

321 481 496 584 Manat,
515 497 555 566 et
572 479 820 593 exprimitur
829 513 907 594 per
922 483 1055 569 denso
1064 483 1283 596 foramina
1304 487 1483 594 spissus.

319 597 408 682 'Ast
425 624 504 710 ego
518 659 528 696 ,
546 593 645 679 dum
659 595 913 704 paratllumc
931 597 1060 679 armis
1078 594 1239 680 nudare
1247 598 1492 712 jacentem,

319 705 441 822 (Scit
458 725 554 792 tuus
589 709 668 792 hoc
683 705 876 821 genitor)
891 707 1087 822 gladium
1105 710 1327 818 spoliantis
1346 712 1392 794 in
1411 711 1504 792 ima

319 821 405 904 Ilia
422 818 581 906 dimisi.
605 820 830 906 Chthonius
848 849 1008 933 quoque
1028 821 1308 934 Teleboasque
1442 829 1528 930 441

320 930 440 1018 Ense
442 933 592 1046 jacent
610 950 773 1020 nostro:
793 962 954 1016 romum
966 935 1086 1044 prior
1099 935 1171 1016 ille
1188 936 1398 1041 bifurcum

320 1041 542 1147 Genesar,
561 1047 630 1131 hic
637 1043 859 1160 jaculum3
888 1046 1019 1131 'oculo
1037 1046 1140 1130 mihi
1155 1047 1327 1132 vulnera
1336 1047 1465 1154 fecit.

318 1155 612 1273 Signaoides:
629 1175 845 1270 apparete
877 1161 958 1244 tue
976 1175 1099 1244 vetus
1117 1187 1214 1244 ecce
1233 1162 1424 1246 cicatrix

322 1269 445 1357 Tunc
461 1300 539 1386 ego
557 1269 776 1356 debueram
794 1269 1002 1380 capienda
1020 1269 1083 1356 ad
1091 1301 1294 1385 pergama
1312 1269 1535 1382 mitti3445

321 1382 445 1469 Tunc
457 1401 642 1495 poteram
659 1385 809 1500 magni
818 1415 830 1492 3
847 1386 889 1470 si
904 1413 989 1468 non
1007 1413 1200 1494 superare
1218 1387 1374 1468 morari

322 1496 516 1581 Hectoris
533 1525 651 1580 arma
668 1500 770 1582 meis
784 1523 793 1568 t
812 1495 887 1581 illo
904 1495 983 1580 sed
999 1513 1175 1607 tempore
1194 1499 1360 1594 nuilus,

322 1606 415 1694 Aut
426 1639 555 1720 puer,
573 1609 733 1695 Hector
746 1625 836 1694 erat
848 1629 869 1704 ,'
880 1637 994 1695 nunc
1010 1637 1075 1692 me
1096 1639 1188 1692 ntea
1214 1606 1362 1718 deficit
1380 1629 1516 1696 aetas.

320 1718 447 1832 Quid
458 1723 537 1810 tibi
552 1723 751 1815 victorem
769 1722 931 1838 gemini
949 1723 1208 1834 Periphanta
1233 1721 1383 1836 Pyreti
1391 1763 1407 1822 ;

380 3985 443 4059 tto.
463 3984 524 4045 Scit
542 3995 609 4044 tuus
626 3986 681 4046 hoc
700 3989 820 4066 genitor.
843 3990 963 4058 Peleus,
984 4009 1051 4050 nam
1070 3991 1209 4052 Aelu'tlem
1232 3993 1394 4072 altoquttur
1409 3989 1525 4052 Nestor.

380 4080 445 4148 446.
467 4077 549 4134 Tunc
568 4071 806 4166 Hepsavroioyiu
823 4080 896 4138 haec
914 4082 1002 4140 senile
1024 4084 1162 4162 quiddam
1181 4092 1238 4152 est,
1257 4093 1286 4142 et
1308 4085 1403 4141 aetati
1426 4091 1555 4138 nostrae

323 4165 435 4242 (inquit
456 4169 530 4224 Cato
550 4170 770 4241 Ciceronianus)
788 4173 965 4230 corceditur:
986 4175 1136 4233 Videtisne
1155 4177 1214 4243 ait,
1237 4185 1269 4231 ut
1288 4173 1368 4251 opud
1387 4175 1546 4229 Homerum

323 4259 488 4331 saepissime
507 4259 660 4318 Nestos-de
679 4263 827 4320 virtuts'bus
845 4267 905 4321 suis
923 4265 1091 4341 praedicet?
1110 4270 1225 4324 tertiam
1245 4269 1319 4324 enim
1330 4268 1395 4344 jam
1413 4274 1546 4321 aetatem

324 4346 467 4404 hominurn
486 4352 613 4420 viserat,
631 4369 684 4408 nec
702 4361 767 4408 erat
788 4357 815 4410 ei
833 4353 997 4427 verendum,
1014 4375 1051 4416 ne
1070 4375 1138 4418 vera
1155 4355 1235 4416 dese
1253 4356 1549 4435 praedicaminis

324 4437 468 4500 rideretur
485 4451 539 4501 aut
558 4443 682 4502 insolens
700 4455 754 4504 aut
777 4446 907 4524 loquax,
928 4457 982 4506 etc.
