3350 5268
404 357 486 443 232
737 379 771 438 t.
801 379 929 438 0v1o11
957 377 1129 442 stsouts

318 503 411 610 Ipse
423 511 571 609 pauet;
588 521 666 577 nea
683 519 746 591 se,
766 495 839 574 oui
853 494 908 575 sit
926 509 1061 574 status
1080 497 1168 602 ipse
1175 495 1341 602 fatetur

318 614 433 696 seire
452 611 556 692 ratis
568 623 720 703 rectum
740 633 817 688 nec
834 601 940 714 quid
945 605 1159 717 subeatve,
1176 622 1347 691 uetetre.

319 723 363 805 T
357 740 458 804 unta
475 721 579 802 mali
595 718 740 818 moles,
759 721 928 826 totaque
941 719 1152 826 potentior
1166 736 1256 802 arte
1274 717 1364 800 est!

320 835 480 944 Quippe
496 830 836 916 sonantclamore
854 829 949 923 viri,
966 827 1143 913 stridore
1161 829 1366 929 rudentes,
1429 830 1517 944 495

320 943 537 1028 Undarum
555 947 725 1028 incursu
740 941 882 1054 gravis
895 941 1030 1035 unda,
1048 946 1266 1026 tonitribus
1279 945 1429 1027 aether.

315 1058 532 1141 Noctibus
555 1057 746 1168 erigitur,
764 1054 1002 1165 caelumque
1019 1083 1196 1167 aequare
1218 1055 1379 1141 videtur

316 1171 494 1262 Pontus,
511 1185 550 1250 et
567 1167 764 1251 inductas
782 1169 999 1278 aspergine
1017 1184 1186 1280 tangere
1209 1171 1345 1253 nubes.

314 1281 377 1366 Et
396 1279 534 1380 modo,
551 1309 645 1364 etun
655 1281 801 1388 fuluas
818 1306 876 1359 ea·
893 1280 975 1360 into
993 1283 1124 1361 verrit
1140 1309 1316 1376 arenas,

316 1391 522 1476 Concolor
534 1409 596 1474 est
611 1390 697 1474 illis
702 1431 717 1490 ,·
733 1389 892 1501 Stygia‘
910 1387 1032 1472 modo
1050 1394 1213 1505 nigrior
1227 1393 1348 1480 undci
1357 1437 1370 1482 .·
1427 1390 1514 1480 500

314 1506 520 1586 Sternitur
541 1503 761 1596 interdum,
781 1504 1013 1613 spumisque
1036 1505 1279 1587 sonantibus
1295 1505 1416 1590 albet.

313 1616 412 1724 Ipsa
431 1643 588 1728 quoque
605 1615 671 1698 iris
690 1616 835 1730 agitur
848 1615 1013 1698 uicibus
1036 1617 1264 1704 Trachinia
1275 1622 1430 1732 puppes
1438 1661 1454 1720 ‚·

345 4167 408 4238 494.
419 4165 510 4225 Teuta
531 4167 597 4226 nali
617 4171 713 4244 moles,
729 4187 849 4254 totaque
864 4179 1007 4256 potentior
1021 4193 1077 4239 erte
1094 4195 1144 4239 est.
1158 4187 1206 4240 Ex
1226 4189 1375 4266 rugus.
1394 4191 1507 4250 onata.

287 4253 347 4312 Nec
366 4275 417 4312 nos
435 4257 524 4316 obniti
544 4276 664 4334 eontra,
684 4287 737 4326 nec
762 4271 878 4330 tendere
901 4284 1011 4330 tantum
1033 4273 1212 4342 sufficimus,
1237 4293 1352 4356 superat
1371 4284 1509 4359 quoniam

286 4345 413 4413 fortuna,
433 4367 593 4426 sequemur.
612 4359 651 4412 tu
670 4361 756 4416 atttt:
778 4362 855 4420 Vicit
882 4365 991 4441 hyems.
1014 4368 1163 4442 Tantaque
1184 4374 1330 4446 potentior
1348 4388 1410 4434 orte
1432 4391 1485 4436 est.

344 4441 407 4496 ὕοι.
428 4439 568 4500 Sternitur
586 4445 737 4508 interdum.
756 4457 887 4512 Stratum
907 4457 1067 4516 viduaret
1087 4464 1220 4538 aequate.
