3338 5258
390 377 472 486 354
725 403 759 463 Ρ.
780 401 907 465 otton
926 401 1089 463 ussosts

302 519 429 604 Hunc
441 519 594 628 procul
607 539 653 603 ut
659 517 794 630 foedo
812 518 1032 632 disjectum
1051 521 1223 605 vttluerc
1241 519 1409 604 Pelleus

305 633 450 733 Vidit,
473 633 532 716 At
550 634 726 744 inferias
740 699 750 735 ‚
759 636 966 749 juvenum
982 635 1223 746 gratissime
1245 632 1446 736 Crantor,

300 748 489 858 Accipe,
508 748 592 857 ait3
610 743 829 860 validoque
846 747 891 827 in
911 746 1187 830 Demoleonta
1205 749 1361 830 lacerto

295 859 560 946 Fraaiaeam
579 865 714 959 misit,
733 861 881 941 mentis
901 889 1061 973 quoque
1080 862 1256 956 mribus,
1277 863 1453 944 hastam.

304 973 424 1086 Quae
442 974 616 1057 laterum
634 990 788 1058 cratem
801 975 1056 1080 perrumpit,
1075 989 1115 1052 et
1135 974 1295 1071 ossibus
1317 973 1508 1062 haerens.

296 1087 538 1175 Intremuit.-
560 1087 708 1172 Trahit
725 1085 797 1166 itte
815 1114 942 1167 manu
961 1088 1051 1166 siue
1070 1085 1241 1196 cuspide
1260 1087 1452 1198 lignum.-

294 1195 353 1283 Id
368 1228 529 1313 quoque
547 1200 622 1284 uia
640 1200 845 1312 sequitur3
862 1200 1004 1308 crispis
1017 1198 1214 1308 pulmone
1235 1215 1391 1280 retenta
1409 1219 1489 1286 est.

297 1313 393 1420 Ipse
412 1309 535 1396 dolor
549 1313 662 1394 vires
680 1311 822 1394 auimo
839 1309 996 1398 dabat:
1013 1339 1141 1424 aeger
1156 1312 1202 1392 in
1221 1312 1377 1392 hostem

294 1424 518 1540 Erigitur.-
534 1421 792 1538 pedibusque
812 1425 942 1507 virum
956 1424 1176 1535 proculcat
1195 1423 1370 1535 equinis.

294 1536 479 1646 Excipit
496 1537 568 1620 itte
585 1537 695 1620 ictus
711 1537 839 1650 galeti
858 1537 1085 1649 clypeoque
1102 1552 1327 1646 sonantes3
1425 1537 1512 1652 375

299 1643 574 1763 Offieusmque
591 1649 781 1734 humeros
794 1711 806 1742 ,
819 1665 1115 1762 praetentaque
1133 1649 1308 1731 sustinet
1325 1677 1466 1746 arma:

296 1762 456 1873 Perque
472 1791 610 1848 armos
628 1791 711 1848 ιιηο
729 1761 815 1849 duo
827 1779 999 1876 pectora
1012 1763 1198 1873 perforat
1215 1763 1315 1874 ictu

334 4363 483 4467 ³773D1¹⁰
515 4377 641 4444 pectore.
660 4375 738 4450 Equi
756 4382 786 4431 et
817 4376 958 4435 hortinis:
980 4380 1117 4437 Centauri
1141 4381 1203 4439 scit.
1225 4385 1307 4462 iufra
1338 4407 1409 4447 vers.
1436 4393 1508 4468 ω

276 4452 356 4527 Qun
375 4475 419 4512 vn·
438 4475 512 4534 equo
533 4462 698 4528 commissus
712 4478 780 4523 eret.
