3350 5256
354 336 429 443 184
672 358 706 417 Ρ.
735 354 1059 420 annuissemus

259 477 449 566 Carmine
459 473 622 562 delinit.
642 473 746 557 Post
764 473 876 556 buna
892 501 1016 556 sacer
1031 499 1105 557 ona
1122 473 1285 557 retorsit

257 590 427 674 Tmolus
445 587 507 672 ad
522 615 580 672 os.
591 587 765 674 Phoebi:
786 584 940 672 tultam
956 614 1037 668 sua
1054 586 1159 670 silva
1177 599 1321 670 secuta
1338 597 1411 666 est.

255 702 332 788 ttte
349 699 649 818 eaputflavum
667 699 786 783 lauro
804 697 1042 782 Parnaside
1060 702 1222 782 tinetas
1386 691 1465 782 165

263 815 310 904 V
303 817 403 897 errit
419 815 598 908 humum,
613 814 745 924 Tyrio
763 817 955 894 saturata'
976 812 1132 895 murice
1145 811 1270 923 palla‘
1283 849 1297 908 ;

259 924 760 1037 Inttrttatamque*fidem
774 928 950 1038 gemmis
969 942 1009 1005 et
1028 923 1220 1006 dentibus
1239 921 1359 1008 Indis

255 1043 438 1126 Sustinet
455 1069 482 1120 a
500 1039 633 1124 laeva:
652 1039 783 1118 tenuit
803 1067 949 1120 manus
966 1038 1098 1122 altera
1111 1039 1325 1148 pleatrm.

256 1154 456 1261 Artificis
474 1168 608 1234 status
626 1152 713 1258 ipse
722 1149 832 1256 fuit.-
847 1168 931 1232 tum
951 1151 1132 1232 stamina
1150 1149 1277 1234 docto

259 1264 421 1350 Pollice
439 1265 652 1360 sollicitat,
671 1291 841 1372 quorum
860 1262 1081 1345 dulcedine
1101 1281 1248 1372 captus
1388 1291 1461 1376 170

259 1376 381 1462 Pana
391 1377 510 1492 jubet
530 1376 699 1476 Τιηοζιιε
717 1376 905 1458 citburae
923 1377 1158 1458 submittere
1177 1404 1350 1458 cannas.

257 1491 473 1578 Judieium
493 1492 709 1598 sanctique
721 1488 864 1599 placet
882 1491 1084 1570 sententia
1103 1490 1255 1570 montis

260 1603 472 1690 Omnibus.-
490 1610 847 1712 argumentantem
864 1618 989 1710 atque
1008 1599 1165 1712 injusta
1184 1616 1357 1684 uocatur

262 1715 397 1800 Unius
414 1743 598 1797 sermone
617 1711 780 1796 Midae.
801 1712 892 1794 Nec
915 1714 1088 1798 Delius*
1108 1741 1231 1794 aures

258 1829 494 1911 Humanam
512 1825 691 1910 stolidas
702 1828 865 1938 patitur
880 1827 1051 1908 retinere
1056 1824 1268 1936 figuram
1386 1820 1462 1936 175

258 1938 345 2021 Sed
359 1941 487 2022 trabit
505 1939 549 2020 in
567 1939 760 2049 spatium,
779 1938 968 2052 uillisque
985 1939 1217 2021 albentibus
1234 1935 1386 2048 implet,

301 3966 365 4022 stt.
384 3963 520 4022 Saturne.
539 3963 667 4040 Infecta,
686 3964 727 4022 bit
746 3967 846 4022 tincta.
872 3963 963 4044 Tyrio
983 3969 1098 4028 murice.
1124 3967 1216 4048 Tyria
1228 3981 1369 4042 purpure.
1388 3959 1461 4018 ver·

245 4051 291 4108 tit.
311 4056 466 4132 Magnifice
479 4059 714 4130 -prveedebatttt'n
734 4077 849 4116 stettein
868 4080 932 4118 eum
953 4061 1113 4132 bistriones,
1131 4072 1192 4119 tum
1211 4058 1381 4124 citharoedi,
1395 4071 1463 4134 put·-

243 4165 362 4219 pureum
380 4147 476 4202 induti
492 4149 694 4227 trahentesque
710 4167 820 4225 syrma.
839 4151 944 4209 Horat.
964 4157 995 4209 tn
1013 4156 1102 4221 Arte,
1123 4157 1271 4229 traxitque
1297 4171 1391 4232 vagus
1409 4165 1461 4226 pu

245 4239 357 4312 pulpita
377 4245 489 4296 restem.
756 4259 784 4278 ··

307 4335 366 4400 169.
386 4327 520 4387 Stamina.
542 4329 677 4392 ctesias.
697 4331 846 4394 sollieitet.
869 4333 995 4409 Tangit,
1013 4337 1147 4410 pertulit.

309 4439 370 4495 ¹5¹·
388 4422 511 4480 Genese.
535 4425 648 4482 Tibiatn
667 4445 706 4484 es
725 4429 825 4484 sennis
845 4423 1018 4502 consectem-
