3314 5264
414 407 469 496 36
740 428 775 488 r.
796 427 924 488 ovum
942 425 1104 485 ussouss

333 549 542 636 Sidereum
559 545 717 662 gracili
733 559 918 654 spectare
937 543 1152 623 cacumine
1171 538 1344 621 coelum.
1465 547 1542 647 140

286 699 289 720 ⁴
330 661 557 778 Ingemuit,
576 659 787 768 tristisque
804 655 949 746 Deus,
969 653 1182 765 Lugebere
1202 653 1341 749 nabis,

331 775 592 888 Lugebisque
609 773 734 868 alios,
753 765 971 876 aderisque
989 762 1243 858 dolentibus,
1262 764 1415 876 inquit.

391 889 496 972 Tale
514 913 655 966 nemus
672 898 793 964 vates
811 895 1069 964 attraxerat:
1088 878 1212 986 inque
1220 879 1412 985 ferarum

335 999 523 1085 Concilio
541 995 721 1088 medius,
741 995 882 1074 turbae
900 991 1188 1100 uolucrumque
1206 987 1388 1070 sedebat.

334 1109 393 1196 Ut
409 1115 515 1195 satis
532 1109 731 1218 impulsas
750 1108 918 1188 tentavit
933 1105 1087 1211 pollice
1106 1099 1313 1198 chordas;
1457 1099 1541 1209 145

330 1224 394 1310 Et
411 1225 539 1308 sensit
558 1224 710 1316 uarios,
730 1220 917 1332 quamuis
936 1216 1099 1300 diuersa
1118 1231 1325 1309 sonarent,

336 1334 597 1422 Cancardare
617 1334 784 1430 madas;
802 1333 881 1416 lzac
900 1359 1045 1413 uocem
1063 1331 1247 1412 carmine
1267 1331 1421 1410 mouit:

334 1449 404 1532 Ab
420 1451 542 1544 Jove,
559 1450 692 1532 Musa
704 1474 870 1560 pareus,
892 1441 1063 1559 (cedunt
1087 1443 1203 1528 Jouis
1222 1443 1362 1525 omnia
1381 1436 1533 1552 reguo)

335 1559 529 1664 Carmina
547 1579 688 1646 nostra
706 1590 829 1646 mave.
847 1558 963 1646 Jauis
981 1574 1041 1640 est
1059 1556 1162 1638 milei
1177 1583 1297 1666 saepe
1309 1569 1497 1666 potestas

384 3220 446 3289 siu.
468 3215 648 3294 lugebisque
668 3215 746 3273 alios.
767 3219 829 3273 Hoc
850 3235 888 3273 ex
911 3221 1039 3273 Romana
1060 3217 1263 3274 cousuetudine
1275 3217 1385 3274 dictum
1404 3229 1456 3275 est.
1469 3219 1548 3277 Nam

324 3315 337 3380 (
348 3319 379 3366 ut
396 3313 510 3365 Seruius
535 3310 654 3379 scribit)
675 3313 802 3384 cupressi
821 3313 894 3364 rami
914 3319 982 3364 aute
990 3311 1079 3384 sares
1102 3310 1203 3366 ciamus
1225 3313 1253 3364 iu
1281 3333 1338 3382 qua
1365 3321 1439 3366 esset
1454 3312 1546 3366 cuda·

323 3421 380 3469 uer,
397 3401 584 3475 ponebantur,
605 3404 722 3477 nequis
747 3421 799 3476 per
825 3401 1046 3476 imprudentiam
1065 3401 1227 3476 ingrediens
1246 3401 1447 3474 pollueretur,
1468 3401 1545 3458 uude

322 3491 404 3548 iilum
422 3487 532 3566 inferiis
548 3489 643 3563 fuisse
663 3501 858 3546 eurisecratam
882 3493 990 3556 dicunt,
1014 3491 1067 3546 isac
1092 3501 1145 3555 est,
1175 3489 1309 3564 inumeris
1340 3499 1368 3546 et
1400 3489 1543 3546 luctibus:

322 3584 463 3660 uei,quad
487 3601 572 3640 caesa
597 3603 723 3659 unquam
748 3587 900 3640 revirescit.
922 3585 1109 3660 [angelusque.
1135 3584 1245 3637 Plinius
1269 3585 1327 3636 Diti
1351 3601 1466 3638 sacrum
1492 3601 1544 3638 cu·

321 3693 450 3751 pressum
474 3675 554 3740 dicit,
578 3694 666 3752 eaque
674 3674 795 3750 funebri
813 3673 895 3751 signa
921 3687 990 3731 aute
1014 3676 1112 3730 domas
1134 3676 1420 3750 panisutitamdtlic.
1447 3677 1544 3752 Luge-

320 3764 431 3842 bisque.
454 3767 623 3840 Cupressum
643 3769 721 3841 rogis
740 3765 869 3821 actuum·
893 3767 990 3822 scribit
1015 3769 1046 3824 V
1045 3785 1115 3821 arra
1136 3775 1253 3840 propter
1274 3784 1393 3839 gravem
1418 3766 1549 3822 ustrinae

320 3857 461 3923 uiderem,
483 3855 634 3910 amovendi
652 3857 759 3912 scilicet
779 3859 845 3912 tetri
865 3859 1018 3914 cadaueris
1037 3861 1146 3934 gratia,
1167 3859 1245 3913 Piiu.
1267 3858 1315 3913 tit».
1332 3861 1408 3913 16.c.
1423 3859 1471 3911 33-

377 3951 445 4004 Fue.
466 3950 520 4004 IV.
535 3949 605 4008 Asu.
618 3951 691 4004 Tute
702 3967 810 4017 nemus,
822 3967 863 4004 ec.
877 3950 1057 4026 Ganymedes
1071 3950 1153 4007 Trois
1166 3949 1239 4005 filius
1252 3969 1316 4006 cum
1330 3949 1418 4006 forme
1429 3948 1551 4006 caeteris

320 4037 471 4095 Iliensibus
494 4037 631 4116 Phrygiae
656 4039 851 4116 praeferretur,
875 4053 904 4097 et
923 4041 1039 4099 assiduis
1064 4040 1261 4099 venationibus
1280 4041 1437 4108 interesset,
1451 4060 1487 4097 ue
1507 4038 1549 4114 ἰμ·

320 4130 434 4186 samium
453 4130 568 4187 virentis
588 4133 687 4188 aetatis
701 4133 818 4201 subiret,
839 4134 972 4210 iuppiter
991 4153 1088 4192 versus
1107 4133 1137 4189 in
1158 4131 1281 4211 equilum
1303 4153 1338 4191 ex
1362 4133 1411 4190 Idu
1452 4145 1550 4191 moute

321 4241 386 4279 eum
411 4222 503 4298 rupuit
529 4222 558 4278 iu
584 4223 706 4290 coelum,
728 4225 944 4302 ministrumque
969 4226 1047 4282 iecit.

381 4316 444 4382 148.
466 4310 511 4367 sb
534 4313 616 4380 Jove,
636 4315 714 4370 Musa
736 4334 846 4392 parcus.
867 4317 1026 4391 Calliopem
1046 4319 1164 4372 Musam
1194 4315 1249 4371 sibi
1279 4325 1400 4372 matrem
1431 4319 1546 4372 inuocat

323 4403 461 4478 Orpheus.
491 4407 539 4460 Ex
558 4407 698 4479 principia
718 4418 816 4466 autem
834 4409 932 4484 hymni
952 4407 1058 4485 Orphei
1077 4413 1107 4464 iu
1127 4409 1226 4465 Jauem
1245 4407 1317 4466 haee
1336 4417 1453 4486 sumpta
1485 4425 1548 4466 esse

323 4495 466 4550 uidentur.
