3338 5258
382 323 464 451 376
708 357 744 418 r.
773 360 902 423 ovmn
929 355 1097 422 sssoms

296 483 428 592 Inque
445 490 687 561 cruentatus
708 475 896 562 Caeneus
917 477 1113 562 Elateius
1132 476 1246 558 ietn.

276 593 473 678 Fecerat
490 590 690 674 attonitos
706 619 821 676 noua
840 621 916 675 res.
932 591 1025 675 Heu
1044 585 1229 672 dedecus
1246 585 1399 693 ingens
1409 581 1432 666 i

296 705 542 811 Monychus
560 703 794 792 exclamat:
810 705 992 816 populus
1012 727 1256 813 superamur
1264 700 1318 780 ab
1337 727 1434 798 uno,

301 819 473 930 Vixque
489 817 613 927 uiru3
632 845 871 930 quanquam
891 818 962 900 ille
982 818 1045 902 uir
1059 831 1141 915 est,
1161 813 1459 924 nosvsegnibus

413 933 545 1023 actis,
1447 922 1542 1010 500

303 1043 433 1156 Quod
444 1044 536 1150 fuit
554 1042 650 1143 ille,
672 1071 825 1126 sumus.
849 1042 972 1155 Quid
988 1043 1170 1127 membra
1195 1037 1397 1122 immania
1421 1067 1539 1150 prv-

415 1157 547 1239 sunt?

302 1267 422 1380 Quid
427 1270 621 1380 geminae
641 1268 745 1353 uires
757 1267 902 1381 equit
919 1268 1284 1380 quodfortissima
1304 1295 1443 1350 rerum

299 1384 352 1464 Iu
370 1385 489 1464 nobis
507 1398 659 1464 natura
677 1379 839 1493 desplesc
858 1383 1063 1465 animalia
1072 1383 1227 1496 junxit
1238 1381 1266 1462 Ρ

298 1493 392 1578 Nec
411 1523 487 1577 nos
506 1511 635 1576 matre
654 1493 755 1580 Dea‘
766 1561 775 1593 ‚
795 1523 874 1578 nee
892 1525 969 1578 nos
987 1499 1141 1578 Ixione
1158 1512 1281 1576 natos

301 1607 414 1692 Esse
431 1637 543 1695 reor:
555 1610 630 1719 qui
641 1625 782 1692 tantus
801 1627 907 1708 erat,
927 1609 1108 1694 Junonis
1127 1625 1172 1690 ut
1192 1609 1306 1690 altae
1444 1604 1536 1695 505
1608 1613 1613 1620 ⁴

298 1723 418 1826 Spem
440 1738 618 1830 caperet.-
636 1749 714 1806 nos
732 1724 944 1805 semimari
958 1751 1204 1834 superamur
1219 1723 1272 1804 ab
1287 1723 1416 1805 hoste.

299 1835 441 1936 Saxa,
460 1836 675 1947 trabesque
692 1863 832 1946 super,
852 1852 1040 1949 totosque
1057 1837 1257 1924 inuoluite
1276 1851 1463 1922 montes.-

366 3727 430 3796 499.
449 3719 618 3798 Monychus.
639 3723 811 3790 Centaurus,
831 3733 1024 3802 μσνωνυτχος
1044 3717 1255 3796 soiidunguius.

368 3816 429 3867 501.
450 3809 534 3884 Quod
555 3809 611 3867 suit
632 3809 677 3866 ille
710 3831 814 3868 sumus.
844 3811 1009 3866 Fveminae.
1040 3811 1116 3866 Nam
1143 3813 1272 3865 Caeneus
1304 3817 1392 3865 antea
1404 3810 1549 3886 faemina

304 3903 421 3979 suerat·

370 4001 432 4054 ⁵06.
452 3995 599 4054 semimari
617 3998 765 4054 Semiviro.

372 4093 434 4162 507.
455 4091 536 4147 Saxa.
558 4097 696 4158 Caeneus,
716 4092 807 4168 inquit
827 4089 1044 4162 Palaephatus,
1063 4098 1129 4144 erat
1151 4091 1193 4147 eit·
1211 4087 1286 4144 betto
1304 4099 1479 4150 strenuuset
1491 4111 1547 4167 pu·

314 4199 391 4256 gnae
410 4181 508 4236 sciens.
527 4183 557 4236 Is
576 4201 639 4238 eum
660 4183 756 4237 inuitis
776 4178 1011 4263 variisqueiteiiis
1025 4189 1158 4236 uersatus
1166 4177 1288 4256 suisset,
1308 4199 1400 4258 neque
1412 4183 1549 4240 rutnan-

315 4279 363 4326 tus
384 4289 512 4345 unquam
527 4311 536 4338 ,
554 4291 617 4326 cuns
638 4273 769 4347 Lapithis
788 4269 949 4350 aliquanda
967 4289 1125 4347 pugnans,
1144 4289 1164 4324 a
1186 4274 1340 4331 Centauris
1359 4275 1549 4348 interceptus,

314 4366 429 4422 iliarum
448 4363 631 4421 multitudine
652 4365 770 4423 obrutus
788 4375 845 4422 esu
865 4363 949 4440 eujus
968 4381 1071 4438 carpus
1086 4361 1134 4436 aigi
1144 4363 1225 4419 auita
1245 4363 1360 4420 vuiuare
1380 4363 1549 4441 eonsensum

315 4453 585 4514 animadvertissent
607 4457 754 4526 Centauri,
773 4458 811 4516 ab
832 4458 867 4514 iis
885 4454 1099 4516 tuumneratttu
1118 4453 1301 4526 existimatus
1320 4465 1374 4514 est.
