<?xml version="1.0" encoding="UTF-8"?>
<!DOCTYPE html PUBLIC "-//W3C//DTD XHTML 1.0 Transitional//EN"
    "http://www.w3.org/TR/xhtml1/DTD/xhtml1-transitional.dtd">
<html xmlns="http://www.w3.org/1999/xhtml" xml:lang="en" lang="en">
 <head>
  <title>
</title>
<meta http-equiv="Content-Type" content="text/html;charset=utf-8" />
  <meta name='ocr-system' content='tesseract 3.04.00' />
  <meta name='ocr-capabilities' content='ocr_page ocr_carea ocr_par ocr_line ocrx_word'/>
</head>
<body>
  <div class='ocr_page' id='page_1' title='image "./povidiinasonism01angugoog_0126.png"; bbox 0 0 3358 5256; ppageno 0'>
   <div class='ocr_carea' id='block_1_1' title="bbox 383 427 1085 492">
    <p class='ocr_par' dir='ltr' id='par_1_1' title="bbox 383 427 1085 492">
     <span class='ocr_line' id='line_1_1' title="bbox 383 427 1085 492; baseline -0.009 0"><span class='ocrx_word' id='word_1_1' title='bbox 383 435 457 492; x_wconf 84' lang='grc'><em>100</em></span> <span class='ocrx_word' id='word_1_2' title='bbox 715 431 748 488; x_wconf 79' lang='lat' dir='ltr'><em>P.</em></span> <span class='ocrx_word' id='word_1_3' title='bbox 769 429 899 491; x_wconf 82' lang='lat' dir='ltr'><em>ovtntt</em></span> <span class='ocrx_word' id='word_1_4' title='bbox 917 427 1085 489; x_wconf 71' lang='lat' dir='ltr'>NASONIS</span> 
     </span>
    </p>
   </div>
   <div class='ocr_carea' id='block_1_2' title="bbox 291 537 1498 1562">
    <p class='ocr_par' dir='ltr' id='par_1_2' title="bbox 296 537 1438 768">
     <span class='ocr_line' id='line_1_2' title="bbox 296 537 1438 662; baseline -0.013 -28"><span class='ocrx_word' id='word_1_5' title='bbox 296 549 432 662; x_wconf 78' lang='lat' dir='ltr'><em>thue</em></span> <span class='ocrx_word' id='word_1_6' title='bbox 449 545 615 630; x_wconf 87' lang='lat' dir='ltr'><em>domum</em></span> <span class='ocrx_word' id='word_1_7' title='bbox 632 543 776 645; x_wconf 84' lang='lat' dir='ltr'><em>rediit,</em></span> <span class='ocrx_word' id='word_1_8' title='bbox 800 543 951 630; x_wconf 83' lang='lat' dir='ltr'><em>Gaude</em></span> <span class='ocrx_word' id='word_1_9' title='bbox 969 573 1086 644; x_wconf 90' lang='lat' dir='ltr'><em>mea,</em></span> <span class='ocrx_word' id='word_1_10' title='bbox 1106 539 1233 641; x_wconf 73' lang='lat' dir='ltr'><em>dieis,</em></span> <span class='ocrx_word' id='word_1_11' title='bbox 1251 537 1438 644; x_wconf 76' lang='lat' dir='ltr'><em>aiumn03</em></span> 
     </span>
     <span class='ocr_line' id='line_1_3' title="bbox 296 655 1212 768; baseline -0.016 -20"><span class='ocrx_word' id='word_1_12' title='bbox 296 661 499 748; x_wconf 79' lang='lat' dir='ltr'><em>Vicimus.</em></span> <span class='ocrx_word' id='word_1_13' title='bbox 515 658 679 768; x_wconf 70' lang='lat' dir='ltr'><em>Infelix</em></span> <span class='ocrx_word' id='word_1_14' title='bbox 697 687 780 741; x_wconf 84' lang='lat' dir='ltr'><em>non</em></span> <span class='ocrx_word' id='word_1_15' title='bbox 799 673 884 740; x_wconf 88' lang='lat' dir='ltr'><em>tota</em></span> <span class='ocrx_word' id='word_1_16' title='bbox 902 683 1071 764; x_wconf 85' lang='lat' dir='ltr'><em>corpore</em></span> <span class='ocrx_word' id='word_1_17' title='bbox 1089 655 1212 738; x_wconf 82' lang='lat' dir='ltr'><em>sentit</em></span> 
     </span>
    </p>

    <p class='ocr_par' dir='ltr' id='par_1_3' title="bbox 291 769 1493 1220">
     <span class='ocr_line' id='line_1_4' title="bbox 291 769 1493 885; baseline -0.013 -29"><span class='ocrx_word' id='word_1_18' title='bbox 291 771 515 856; x_wconf 63' lang='lat' dir='ltr'><em>Laetitiam</em></span> <span class='ocrx_word' id='word_1_19' title='bbox 533 772 657 885; x_wconf 74' lang='lat' dir='ltr'><em>virgo</em></span> <span class='ocrx_word' id='word_1_20' title='bbox 672 802 685 880; x_wconf 79' lang='lat'>3</span> <span class='ocrx_word' id='word_1_21' title='bbox 697 797 987 882; x_wconf 82' lang='lat' dir='ltr'><em>praesagaque</em></span> <span class='ocrx_word' id='word_1_22' title='bbox 1000 785 1171 877; x_wconf 82' lang='lat' dir='ltr'><em>pectora</em></span> <span class='ocrx_word' id='word_1_23' title='bbox 1184 779 1373 848; x_wconf 84' lang='lat' dir='ltr'><em>moerent.</em></span> <span class='ocrx_word' id='word_1_24' title='bbox 1409 769 1493 872; x_wconf 66' lang='grc'><em>444</em></span> 
     </span>
     <span class='ocr_line' id='line_1_5' title="bbox 292 877 1409 996; baseline -0.008 -29"><span class='ocrx_word' id='word_1_25' title='bbox 292 881 379 967; x_wconf 85' lang='lat' dir='ltr'><em>Sed</em></span> <span class='ocrx_word' id='word_1_26' title='bbox 395 899 530 964; x_wconf 86' lang='lat' dir='ltr'><em>tamen</em></span> <span class='ocrx_word' id='word_1_27' title='bbox 547 899 587 964; x_wconf 90' lang='lat' dir='ltr'><em>et</em></span> <span class='ocrx_word' id='word_1_28' title='bbox 601 885 778 996; x_wconf 81' lang='lat' dir='ltr'><em>gaudet:</em></span> <span class='ocrx_word' id='word_1_29' title='bbox 799 899 918 965; x_wconf 87' lang='lat' dir='ltr'><em>tanta</em></span> <span class='ocrx_word' id='word_1_30' title='bbox 936 898 997 964; x_wconf 86' lang='lat' dir='ltr'><em>est</em></span> <span class='ocrx_word' id='word_1_31' title='bbox 1016 877 1231 964; x_wconf 70' lang='lat' dir='ltr'><em>discordia</em></span> <span class='ocrx_word' id='word_1_32' title='bbox 1250 877 1409 958; x_wconf 73' lang='lat' dir='ltr'><em>mentis</em></span> 
     </span>
     <span class='ocr_line' id='line_1_6' title="bbox 294 989 1409 1108; baseline -0.009 -29"><span class='ocrx_word' id='word_1_33' title='bbox 294 995 471 1104; x_wconf 83' lang='lat' dir='ltr'><em>Tempus</em></span> <span class='ocrx_word' id='word_1_34' title='bbox 488 1012 576 1076; x_wconf 84' lang='lat' dir='ltr'><em>erat</em></span> <span class='ocrx_word' id='word_1_35' title='bbox 594 1026 676 1108; x_wconf 83' lang='lat' dir='ltr'><em>quo</em></span> <span class='ocrx_word' id='word_1_36' title='bbox 693 1012 846 1080; x_wconf 87' lang='lat' dir='ltr'><em>cuncta</em></span> <span class='ocrx_word' id='word_1_37' title='bbox 866 995 1013 1092; x_wconf 87' lang='lat' dir='ltr'><em>silent,·</em></span> <span class='ocrx_word' id='word_1_38' title='bbox 1032 995 1216 1104; x_wconf 72' lang='lat' dir='ltr'><em>interque</em></span> <span class='ocrx_word' id='word_1_39' title='bbox 1235 989 1409 1073; x_wconf 84' lang='lat' dir='ltr'><em>Triones</em></span> 
     </span>
     <span class='ocr_line' id='line_1_7' title="bbox 293 1105 1281 1220; baseline -0.009 -26"><span class='ocrx_word' id='word_1_40' title='bbox 293 1106 495 1194; x_wconf 76' lang='lat' dir='ltr'><em>Flecerat</em></span> <span class='ocrx_word' id='word_1_41' title='bbox 517 1107 679 1220; x_wconf 83' lang='lat' dir='ltr'><em>obliquo</em></span> <span class='ocrx_word' id='word_1_42' title='bbox 692 1110 926 1219; x_wconf 87' lang='lat' dir='ltr'><em>plaustrum</em></span> <span class='ocrx_word' id='word_1_43' title='bbox 946 1124 1103 1188; x_wconf 89' lang='lat' dir='ltr'><em>temone</em></span> <span class='ocrx_word' id='word_1_44' title='bbox 1120 1105 1281 1187; x_wconf 80' lang='lat' dir='ltr'><em>Boiites.</em></span> 
     </span>
    </p>

    <p class='ocr_par' dir='ltr' id='par_1_4' title="bbox 294 1213 1498 1562">
     <span class='ocr_line' id='line_1_8' title="bbox 294 1213 1362 1330; baseline -0.007 -26"><span class='ocrx_word' id='word_1_45' title='bbox 294 1215 375 1304; x_wconf 85' lang='lat' dir='ltr'><em>Ad</em></span> <span class='ocrx_word' id='word_1_46' title='bbox 380 1219 558 1328; x_wconf 83' lang='lat' dir='ltr'><em>facinus</em></span> <span class='ocrx_word' id='word_1_47' title='bbox 576 1222 692 1302; x_wconf 86' lang='lat' dir='ltr'><em>venit</em></span> <span class='ocrx_word' id='word_1_48' title='bbox 709 1221 785 1304; x_wconf 71' lang='lat' dir='ltr'><em>illes</em></span> <span class='ocrx_word' id='word_1_49' title='bbox 803 1249 923 1303; x_wconf 89' lang='lat' dir='ltr'><em>suum</em></span> <span class='ocrx_word' id='word_1_50' title='bbox 938 1263 949 1306; x_wconf 89' lang='lat'><em>.-</em></span> <span class='ocrx_word' id='word_1_51' title='bbox 958 1220 1080 1330; x_wconf 77' lang='lat' dir='ltr'><em>sugit</em></span> <span class='ocrx_word' id='word_1_52' title='bbox 1098 1245 1226 1299; x_wconf 87' lang='lat' dir='ltr'><em>aurea</em></span> <span class='ocrx_word' id='word_1_53' title='bbox 1244 1213 1362 1298; x_wconf 87' lang='lat' dir='ltr'><em>caelo</em></span> 
     </span>
     <span class='ocr_line' id='line_1_9' title="bbox 296 1329 1498 1449; baseline -0.004 -32"><span class='ocrx_word' id='word_1_54' title='bbox 296 1333 439 1417; x_wconf 85' lang='lat' dir='ltr'><em>Luna:</em></span> <span class='ocrx_word' id='word_1_55' title='bbox 466 1347 610 1445; x_wconf 79' lang='lat' dir='ltr'><em>tegunt</em></span> <span class='ocrx_word' id='word_1_56' title='bbox 628 1335 776 1449; x_wconf 81' lang='lat' dir='ltr'><em>nigrae</em></span> <span class='ocrx_word' id='word_1_57' title='bbox 794 1333 1007 1417; x_wconf 77' lang='lat' dir='ltr'><em>latitantia</em></span> <span class='ocrx_word' id='word_1_58' title='bbox 1027 1329 1167 1415; x_wconf 84' lang='lat' dir='ltr'><em>sidera</em></span> <span class='ocrx_word' id='word_1_59' title='bbox 1185 1331 1326 1412; x_wconf 83' lang='lat' dir='ltr'><em>nubes.-</em></span> <span class='ocrx_word' id='word_1_60' title='bbox 1417 1331 1498 1440; x_wconf 79' lang='grc'><em>449</em></span> 
     </span>
     <span class='ocr_line' id='line_1_10' title="bbox 295 1437 1422 1562; baseline -0.009 -30"><span class='ocrx_word' id='word_1_61' title='bbox 295 1437 401 1532; x_wconf 77' lang='lat' dir='ltr'><em>Noc</em></span> <span class='ocrx_word' id='word_1_62' title='bbox 420 1460 533 1528; x_wconf 79' lang='lat' dir='ltr'><em>caret</em></span> <span class='ocrx_word' id='word_1_63' title='bbox 550 1447 649 1558; x_wconf 78' lang='lat' dir='ltr'><em>igne</em></span> <span class='ocrx_word' id='word_1_64' title='bbox 666 1463 761 1536; x_wconf 84' lang='lat' dir='ltr'><em>suo:</em></span> <span class='ocrx_word' id='word_1_65' title='bbox 776 1449 936 1557; x_wconf 84' lang='lat' dir='ltr'><em>primos</em></span> <span class='ocrx_word' id='word_1_66' title='bbox 953 1453 1081 1562; x_wconf 78' lang='lat' dir='ltr'><em>tegis,</em></span> <span class='ocrx_word' id='word_1_67' title='bbox 1100 1443 1238 1542; x_wconf 76' lang='lat' dir='ltr'><em>Icum,</em></span> <span class='ocrx_word' id='word_1_68' title='bbox 1257 1439 1422 1538; x_wconf 84' lang='lat' dir='ltr'><em>vultus;</em></span> 
     </span>
    </p>
   </div>
   <div class='ocr_carea' id='block_1_3' title="bbox 276 3557 1508 4556">
    <p class='ocr_par' dir='ltr' id='par_1_5' title="bbox 279 3557 1508 4094">
     <span class='ocr_line' id='line_1_11' title="bbox 341 3557 1508 3639; baseline 0.001 -26"><span class='ocrx_word' id='word_1_69' title='bbox 341 3561 407 3631; x_wconf 71' lang='grc'><em>446.</em></span> <span class='ocrx_word' id='word_1_70' title='bbox 425 3558 505 3614; x_wconf 85' lang='lat' dir='ltr'><em>Inter</em></span> <span class='ocrx_word' id='word_1_71' title='bbox 534 3557 663 3618; x_wconf 81' lang='lat' dir='ltr'><em>Triones.</em></span> <span class='ocrx_word' id='word_1_72' title='bbox 684 3562 795 3618; x_wconf 85' lang='lat' dir='ltr'><em>Steiise</em></span> <span class='ocrx_word' id='word_1_73' title='bbox 813 3573 880 3620; x_wconf 89' lang='lat' dir='ltr'><em>sunt</em></span> <span class='ocrx_word' id='word_1_74' title='bbox 899 3563 941 3618; x_wconf 81' lang='lat' dir='ltr'><em>od</em></span> <span class='ocrx_word' id='word_1_75' title='bbox 959 3563 1057 3639; x_wconf 86' lang='lat' dir='ltr'><em>poium</em></span> <span class='ocrx_word' id='word_1_76' title='bbox 1083 3563 1239 3619; x_wconf 81' lang='lat' dir='ltr'><em>Aroticusn.</em></span> <span class='ocrx_word' id='word_1_77' title='bbox 1260 3563 1396 3630; x_wconf 81' lang='lat' dir='ltr'><em>Triones,</em></span> <span class='ocrx_word' id='word_1_78' title='bbox 1420 3561 1508 3639; x_wconf 73' lang='lat' dir='ltr'><em>quisi</em></span> 
     </span>
     <span class='ocr_line' id='line_1_12' title="bbox 282 3653 1505 3732; baseline 0.007 -26"><span class='ocrx_word' id='word_1_79' title='bbox 282 3669 400 3708; x_wconf 85' lang='lat' dir='ltr'><em>nurnero</em></span> <span class='ocrx_word' id='word_1_80' title='bbox 418 3653 625 3729; x_wconf 75' lang='lat' dir='ltr'><em>septentriones</em></span> <span class='ocrx_word' id='word_1_81' title='bbox 644 3665 791 3713; x_wconf 72' lang='lat' dir='ltr'><em>vocantur.</em></span> <span class='ocrx_word' id='word_1_82' title='bbox 802 3659 880 3712; x_wconf 82' lang='lat' dir='ltr'><em>Sans</em></span> <span class='ocrx_word' id='word_1_83' title='bbox 901 3657 1023 3716; x_wconf 79' lang='lat' dir='ltr'><em>Triones</em></span> <span class='ocrx_word' id='word_1_84' title='bbox 1040 3659 1137 3730; x_wconf 82' lang='lat' dir='ltr'><em>prisca</em></span> <span class='ocrx_word' id='word_1_85' title='bbox 1156 3655 1258 3732; x_wconf 68' lang='lat' dir='ltr'><em>lingue</em></span> <span class='ocrx_word' id='word_1_86' title='bbox 1272 3657 1355 3716; x_wconf 74' lang='lat' dir='ltr'><em>boses</em></span> <span class='ocrx_word' id='word_1_87' title='bbox 1373 3665 1505 3712; x_wconf 74' lang='lat' dir='ltr'><em>emtum</em></span> 
     </span>
     <span class='ocr_line' id='line_1_13' title="bbox 281 3743 1507 3831; baseline 0.008 -33"><span class='ocrx_word' id='word_1_88' title='bbox 281 3743 367 3812; x_wconf 85' lang='lat' dir='ltr'><em>dicti,</em></span> <span class='ocrx_word' id='word_1_89' title='bbox 389 3747 473 3822; x_wconf 81' lang='lat' dir='ltr'><em>quasi</em></span> <span class='ocrx_word' id='word_1_90' title='bbox 493 3751 614 3803; x_wconf 87' lang='lat' dir='ltr'><em>teriones</em></span> <span class='ocrx_word' id='word_1_91' title='bbox 621 3773 631 3816; x_wconf 84' lang='lat'>;</span> <span class='ocrx_word' id='word_1_92' title='bbox 650 3747 703 3802; x_wconf 81' lang='lat' dir='ltr'><em>isoc</em></span> <span class='ocrx_word' id='word_1_93' title='bbox 722 3758 780 3815; x_wconf 90' lang='lat' dir='ltr'><em>est,</em></span> <span class='ocrx_word' id='word_1_94' title='bbox 801 3747 935 3806; x_wconf 78' lang='lat' dir='ltr'><em>arandae</em></span> <span class='ocrx_word' id='word_1_95' title='bbox 958 3749 1168 3831; x_wconf 74' lang='lat' dir='ltr'><em>sententiaeque</em></span> <span class='ocrx_word' id='word_1_96' title='bbox 1188 3760 1284 3806; x_wconf 83' lang='lat' dir='ltr'><em>terroe</em></span> <span class='ocrx_word' id='word_1_97' title='bbox 1301 3749 1405 3806; x_wconf 84' lang='lat' dir='ltr'><em>idonei.</em></span> <span class='ocrx_word' id='word_1_98' title='bbox 1434 3744 1507 3821; x_wconf 75' lang='lat' dir='ltr'><em>Effi·</em></span> 
     </span>
     <span class='ocr_line' id='line_1_14' title="bbox 281 3829 1507 3921; baseline -0.002 -29"><span class='ocrx_word' id='word_1_99' title='bbox 281 3837 361 3892; x_wconf 87' lang='lat' dir='ltr'><em>ciunt</em></span> <span class='ocrx_word' id='word_1_100' title='bbox 382 3847 479 3896; x_wconf 88' lang='lat' dir='ltr'><em>autem</em></span> <span class='ocrx_word' id='word_1_101' title='bbox 498 3837 589 3912; x_wconf 74' lang='lat' dir='ltr'><em>sydus</em></span> <span class='ocrx_word' id='word_1_102' title='bbox 607 3839 740 3914; x_wconf 80' lang='lat' dir='ltr'><em>plaustro</em></span> <span class='ocrx_word' id='word_1_103' title='bbox 760 3838 865 3904; x_wconf 86' lang='lat' dir='ltr'><em>simiie,</em></span> <span class='ocrx_word' id='word_1_104' title='bbox 884 3837 962 3914; x_wconf 80' lang='lat' dir='ltr'><em>quod</em></span> <span class='ocrx_word' id='word_1_105' title='bbox 975 3839 1078 3895; x_wconf 85' lang='lat' dir='ltr'><em>Graeci</em></span> <span class='ocrx_word' id='word_1_106' title='bbox 1091 3829 1216 3921; x_wconf 74' lang='grc' dir='ltr'><em>ἄμαξαν</em></span> <span class='ocrx_word' id='word_1_107' title='bbox 1231 3837 1330 3894; x_wconf 78' lang='lat' dir='ltr'><em>Latini</em></span> <span class='ocrx_word' id='word_1_108' title='bbox 1340 3832 1507 3912; x_wconf 84' lang='lat' dir='ltr'><em>septentrio·</em></span> 
     </span>
     <span class='ocr_line' id='line_1_15' title="bbox 281 3919 1506 4008; baseline 0 -28"><span class='ocrx_word' id='word_1_109' title='bbox 281 3943 332 3980; x_wconf 85' lang='lat' dir='ltr'><em>nes</em></span> <span class='ocrx_word' id='word_1_110' title='bbox 351 3935 470 3982; x_wconf 79' lang='lat' dir='ltr'><em>nocant.</em></span> <span class='ocrx_word' id='word_1_111' title='bbox 487 3927 598 3982; x_wconf 79' lang='lat' dir='ltr'><em>Gellius</em></span> <span class='ocrx_word' id='word_1_112' title='bbox 619 3927 693 3984; x_wconf 78' lang='lat' dir='ltr'><em>ituro</em></span> <span class='ocrx_word' id='word_1_113' title='bbox 712 3926 837 3982; x_wconf 83' lang='lat' dir='ltr'><em>secunda</em></span> <span class='ocrx_word' id='word_1_114' title='bbox 856 3945 920 4001; x_wconf 85' lang='lat' dir='ltr'><em>cop.</em></span> <span class='ocrx_word' id='word_1_115' title='bbox 935 3947 978 3986; x_wconf 79' lang='lat' dir='ltr'><em>ss.</em></span> <span class='ocrx_word' id='word_1_116' title='bbox 1007 3927 1141 4008; x_wconf 82' lang='lat' dir='ltr'><em>Tempus.</em></span> <span class='ocrx_word' id='word_1_117' title='bbox 1162 3927 1313 3986; x_wconf 69' lang='lat' dir='ltr'><em>conticinii</em></span> <span class='ocrx_word' id='word_1_118' title='bbox 1326 3919 1506 3982; x_wconf 71' lang='lat' dir='ltr'><em>nuntiatae</em></span> 
     </span>
     <span class='ocr_line' id='line_1_16' title="bbox 279 4017 1033 4094; baseline 0.008 -22"><span class='ocrx_word' id='word_1_119' title='bbox 279 4025 332 4084; x_wconf 87' lang='lat' dir='ltr'><em>est,</em></span> <span class='ocrx_word' id='word_1_120' title='bbox 352 4019 551 4094; x_wconf 79' lang='lat' dir='ltr'><em>intempestam</em></span> <span class='ocrx_word' id='word_1_121' title='bbox 571 4037 607 4074; x_wconf 88' lang='lat' dir='ltr'><em>no</em></span> <span class='ocrx_word' id='word_1_122' title='bbox 626 4017 750 4076; x_wconf 79' lang='lat' dir='ltr'><em>mediam</em></span> <span class='ocrx_word' id='word_1_123' title='bbox 762 4029 872 4076; x_wconf 85' lang='lat' dir='ltr'><em>noctem</em></span> <span class='ocrx_word' id='word_1_124' title='bbox 886 4020 1033 4078; x_wconf 73' lang='lat' dir='ltr'><em>describit.</em></span> 
     </span>
    </p>

    <p class='ocr_par' dir='ltr' id='par_1_6' title="bbox 336 4110 1384 4190">
     <span class='ocr_line' id='line_1_17' title="bbox 336 4110 1384 4190; baseline 0.006 -26"><span class='ocrx_word' id='word_1_125' title='bbox 336 4114 402 4184; x_wconf 66' lang='lat'><em>442.</em></span> <span class='ocrx_word' id='word_1_126' title='bbox 422 4112 533 4167; x_wconf 81' lang='lat' dir='ltr'><em>Bootes.</em></span> <span class='ocrx_word' id='word_1_127' title='bbox 553 4110 650 4186; x_wconf 74' lang='lat' dir='ltr'><em>Sydus</em></span> <span class='ocrx_word' id='word_1_128' title='bbox 669 4120 712 4166; x_wconf 92' lang='lat' dir='ltr'><em>est</em></span> <span class='ocrx_word' id='word_1_129' title='bbox 732 4115 847 4178; x_wconf 81' lang='lat' dir='ltr'><em>Bootes,</em></span> <span class='ocrx_word' id='word_1_130' title='bbox 866 4113 916 4190; x_wconf 80' lang='lat' dir='ltr'><em>qui</em></span> <span class='ocrx_word' id='word_1_131' title='bbox 935 4123 965 4169; x_wconf 91' lang='lat' dir='ltr'><em>et</em></span> <span class='ocrx_word' id='word_1_132' title='bbox 983 4113 1187 4190; x_wconf 51' lang='lat' dir='ltr'><em>Arctophylax</em></span> <span class='ocrx_word' id='word_1_133' title='bbox 1207 4111 1384 4186; x_wconf 77' lang='lat' dir='ltr'><em>appetimus.</em></span> 
     </span>
    </p>

    <p class='ocr_par' dir='ltr' id='par_1_7' title="bbox 276 4202 1507 4556">
     <span class='ocr_line' id='line_1_18' title="bbox 336 4202 1506 4280; baseline 0.005 -24"><span class='ocrx_word' id='word_1_134' title='bbox 336 4206 402 4272; x_wconf 74' lang='grc'><em>448.</em></span> <span class='ocrx_word' id='word_1_135' title='bbox 421 4202 515 4279; x_wconf 77' lang='lat' dir='ltr'><em>Fugit.</em></span> <span class='ocrx_word' id='word_1_136' title='bbox 536 4205 618 4260; x_wconf 78' lang='lat' dir='ltr'><em>Lunn</em></span> <span class='ocrx_word' id='word_1_137' title='bbox 638 4207 719 4280; x_wconf 87' lang='lat' dir='ltr'><em>prins</em></span> <span class='ocrx_word' id='word_1_138' title='bbox 738 4205 833 4260; x_wconf 84' lang='lat' dir='ltr'><em>nitida</em></span> <span class='ocrx_word' id='word_1_139' title='bbox 847 4216 875 4263; x_wconf 88' lang='lat' dir='ltr'><em>et</em></span> <span class='ocrx_word' id='word_1_140' title='bbox 888 4206 994 4276; x_wconf 79' lang='lat' dir='ltr'><em>sydera</em></span> <span class='ocrx_word' id='word_1_141' title='bbox 1011 4206 1163 4262; x_wconf 86' lang='lat' dir='ltr'><em>intuerunt</em></span> <span class='ocrx_word' id='word_1_142' title='bbox 1182 4204 1277 4261; x_wconf 80' lang='lat' dir='ltr'><em>subito</em></span> <span class='ocrx_word' id='word_1_143' title='bbox 1297 4205 1416 4261; x_wconf 76' lang='lat' dir='ltr'><em>nubibus</em></span> <span class='ocrx_word' id='word_1_144' title='bbox 1428 4215 1506 4264; x_wconf 84' lang='lat' dir='ltr'><em>tecta</em></span> 
     </span>
     <span class='ocr_line' id='line_1_19' title="bbox 278 4295 1507 4374; baseline 0.006 -27"><span class='ocrx_word' id='word_1_145' title='bbox 278 4296 356 4348; x_wconf 86' lang='lat' dir='ltr'><em>tnnts&#39;</em></span> <span class='ocrx_word' id='word_1_146' title='bbox 373 4295 487 4350; x_wconf 78' lang='lat' dir='ltr'><em>socieris</em></span> <span class='ocrx_word' id='word_1_147' title='bbox 506 4307 690 4369; x_wconf 85' lang='lat' dir='ltr'><em>conspectum</em></span> <span class='ocrx_word' id='word_1_148' title='bbox 703 4295 962 4372; x_wconf 68' lang='lat' dir='ltr'><em>perhorrescentim</em></span> <span class='ocrx_word' id='word_1_149' title='bbox 974 4300 1130 4372; x_wconf 77' lang='lat' dir='ltr'><em>praecipue</em></span> <span class='ocrx_word' id='word_1_150' title='bbox 1151 4315 1221 4356; x_wconf 83' lang='lat' dir='ltr'><em>vero</em></span> <span class='ocrx_word' id='word_1_151' title='bbox 1241 4298 1370 4374; x_wconf 78' lang='lat' dir='ltr'><em>Erigone</em></span> <span class='ocrx_word' id='word_1_152' title='bbox 1387 4308 1507 4374; x_wconf 84' lang='lat' dir='ltr'><em>propter</em></span> 
     </span>
     <span class='ocr_line' id='line_1_20' title="bbox 277 4383 1507 4474; baseline 0.004 -34"><span class='ocrx_word' id='word_1_153' title='bbox 277 4389 418 4460; x_wconf 79' lang='lat' dir='ltr'><em>pietatem</em></span> <span class='ocrx_word' id='word_1_154' title='bbox 437 4389 465 4442; x_wconf 89' lang='lat' dir='ltr'><em>in</em></span> <span class='ocrx_word' id='word_1_155' title='bbox 486 4399 600 4462; x_wconf 81' lang='lat' dir='ltr'><em>patrem</em></span> <span class='ocrx_word' id='word_1_156' title='bbox 621 4393 747 4447; x_wconf 69' lang='lat' dir='ltr'><em>Icarium</em></span> <span class='ocrx_word' id='word_1_157' title='bbox 761 4393 780 4446; x_wconf 83' lang='lat' dir='ltr'><em>si</em></span> <span class='ocrx_word' id='word_1_158' title='bbox 792 4389 907 4448; x_wconf 83' lang='lat' dir='ltr'><em>rusticis</em></span> <span class='ocrx_word' id='word_1_159' title='bbox 925 4393 1124 4474; x_wconf 66' lang='lat' dir='ltr'><em>interemptum</em></span> <span class='ocrx_word' id='word_1_160' title='bbox 1136 4393 1166 4448; x_wconf 88' lang='lat' dir='ltr'><em>in</em></span> <span class='ocrx_word' id='word_1_161' title='bbox 1178 4383 1424 4449; x_wconf 75' lang='lat' dir='ltr'><em>constritatiossetn</em></span> <span class='ocrx_word' id='word_1_162' title='bbox 1437 4390 1507 4452; x_wconf 79' lang='lat' dir='ltr'><em>Vir·</em></span> 
     </span>
     <span class='ocr_line' id='line_1_21' title="bbox 276 4478 768 4556; baseline 0.01 -22"><span class='ocrx_word' id='word_1_163' title='bbox 276 4480 352 4554; x_wconf 70' lang='lat' dir='ltr'><em>ginis</em></span> <span class='ocrx_word' id='word_1_164' title='bbox 374 4478 480 4537; x_wconf 84' lang='lat' dir='ltr'><em>reinto.</em></span> <span class='ocrx_word' id='word_1_165' title='bbox 512 4479 691 4556; x_wconf 60' lang='lat' dir='ltr'><em>Hygiujntt.</em></span> <span class='ocrx_word' id='word_1_166' title='bbox 706 4485 768 4540; x_wconf 69' lang='lat' dir='ltr'><em>sio.</em></span> 
     </span>
    </p>
   </div>
   <div class='ocr_carea' id='block_1_4' title="bbox 0 0 1684 5256">
    <p class='ocr_par' dir='ltr' id='par_1_8' title="bbox 0 0 1684 5256">
     <span class='ocr_line' id='line_1_22' title="bbox 0 0 1684 5256; baseline 0 0"><span class='ocrx_word' id='word_1_167' title='bbox 0 0 1684 5256; x_wconf 95' lang='lat' dir='ltr'><em> </em></span> 
     </span>
    </p>
   </div>
  </div>
 </body>
</html>
