3358 5256
378 355 452 458 142
714 367 747 428 Ρ.
767 362 1084 431 ovmnnssoms

291 493 372 579 Est
390 519 511 603 ager,
529 485 756 603 indigenae
775 485 1049 570 Tamasenum
1069 481 1234 569 nomine
1252 479 1429 582 dicunt,-

292 605 475 698 Telluris
497 603 679 714 prriae
691 627 795 712 pons
814 602 985 710 optimc,
1003 625 1123 711 quem
1141 595 1247 678 milri
1256 595 1395 704 prisci
1419 591 1503 704 645

288 725 514 806 Sacrovere
532 741 672 808 senes,
692 712 937 825 templisque
955 707 1159 796 accedere
1176 706 1315 792 dotem

289 835 416 918 Hanc
425 831 590 945 jussere
608 830 732 913 meis.-
751 822 889 909 medio
908 825 1011 908 nitet
1030 825 1156 908 orbor
1171 824 1218 905 in
1235 850 1350 915 arvo,

293 947 437 1035 Fulvo
457 969 619 1029 comem
636 1004 646 1040 ‚
656 940 781 1051 fuluo
799 940 928 1022 rumis
945 937 1245 1050 crepitantibus
1264 961 1380 1019 curo.

292 1061 408 1144 Hinc
426 1058 507 1140 trio
516 1055 633 1165 forte
650 1056 747 1137 mec‘
765 1053 941 1136 veniens
959 1049 1157 1161 decerpta
1165 1049 1355 1159 ferebam
1421 1045 1503 1162 649

294 1175 441 1260 Aureo
453 1197 580 1282 poma
598 1195 752 1264 runnu,·
771 1164 958 1277 nullique
974 1160 1186 1262 videnda,
1206 1161 1293 1242 nisi
1309 1160 1419 1268 ipsi.-

296 1289 579 1398 Hippomenen
597 1277 709 1377 cciii·
728 1276 961 1387 docuique,
980 1282 1076 1388 quis
1094 1303 1197 1358 usus
1215 1273 1261 1356 in
1279 1272 1379 1357 illes.

295 1401 430 1515 Signa
448 1400 571 1480 tuboe
589 1390 924 1497 dederont3cum
941 1417 1109 1474 carcere
1121 1413 1282 1496 pronus
1300 1401 1469 1502 uterque

298 1513 493 1608 Emicat,
511 1529 551 1594 ct
569 1532 772 1594 summam
790 1502 917 1590 celeri
929 1498 1037 1615 pede
1055 1500 1158 1586 libat
1180 1523 1363 1585 arenam.

350 3000 416 3072 644.
434 2997 483 3054 Est
502 3013 577 3076 eges.
599 2997 742 3058 Dsscriiit
761 3015 869 3077 agrum
887 2995 1002 3054 natine
1020 2995 1224 3062 nemausum,
1243 2991 1319 3052 unde
1340 2993 1440 3054 Venus
1463 2993 1523 3049 tria

295 3109 387 3150 aurea
405 3109 501 3166 ponsa,
520 3109 596 3168 quae
613 3095 785 3169 Hipponem·
804 3088 946 3158 tradidit,
965 3107 997 3146 se
1014 3089 1170 3164 sumpsisse
1188 3089 1242 3144 ait.
1266 3089 1412 3163 interpres
1431 3087 1525 3146 Tiseo·

295 3185 383 3252 criti,
402 3201 459 3240 non
479 3200 517 3239 ea
537 3185 634 3260 cypro
644 3224 655 3253 ,
673 3182 726 3241 sed
744 3203 782 3240 ea
801 3181 993 3260 Hesperidum
1012 3181 1100 3240 ltortis
1118 3198 1213 3238 aurea
1232 3179 1305 3238 iaec
1325 3182 1406 3240 nain
1424 3181 1522 3240 allata

295 3271 376 3330 dicit.
395 3274 586 3331 Tsmsssnum
605 3273 697 3332 scribe
717 3275 885 3333 Tsmsssutn
894 3315 905 3342 ,
924 3276 978 3332 lsoc
996 3281 1042 3332 est
1062 3267 1246 3352 Ταμασῶαν.
1266 3273 1365 3346 Quare
1375 3272 1477 3330 dubito
1489 3291 1530 3328 ass

296 3381 353 3420 non
371 3361 534 3420 Tsmssiten
554 3363 669 3422 nomine
689 3362 789 3423 dicunt
808 3365 859 3422 loc
876 3365 941 3424 loco
958 3369 998 3423 sit
1016 3365 1191 3445 legendum:
1211 3380 1279 3420 nam
1298 3363 1381 3437 prins.
1405 3364 1529 3422 Vatica-

296 3474 351 3514 nus
370 3453 582 3514 Demssithons.
602 3455 772 3516 Temsssum
791 3461 880 3516 etiam
899 3458 998 3517 urbem
1015 3459 1092 3516 lsanc
1110 3466 1197 3516 vocat
1216 3458 1343 3522 Plinius,
1352 3453 1434 3532 apud
1444 3473 1530 3532 quens

295 3546 414 3603 codices
432 3545 564 3604 nonnulli
584 3550 699 3625 antiqui
717 3548 868 3617 Tamssus5
886 3535 906 3610 i
925 3538 1078 3632 Ταμασός
1099 3566 1211 3627 quoque
1230 3547 1370 3604 Straboni
1395 3545 1468 3603 libro
1487 3567 1532 3601 rr.

296 3642 470 3731 Ταμάσσας
487 3651 648 3724 Ptolom,
666 3651 718 3710 secl
737 3651 871 3710 mendose
890 3660 922 3708 ut
941 3662 1023 3728 puto.
1043 3647 1214 3737 Ταμεαιά,
1234 3651 1358 3708 Polibio.
1377 3643 1532 3731 Ταμααία

299 3742 492 3796 Constantino
511 3741 797 3817 Porphyriogenetae
815 3743 845 3796 in
869 3739 1064 3814 Tisematibus3
1085 3746 1157 3802 nibil
1175 3754 1275 3804 autern
1288 3745 1426 3801 usitatius
1438 3743 1468 3796 in
1483 3757 1535 3796 ass·

299 3834 386 3908 tiquis
405 3833 485 3890 libris
505 3851 592 3910 quam
612 3833 639 3888 Τ
657 3835 687 3888 in
707 3833 734 3889 D
758 3830 958 3910 degenerare5
977 3837 1020 3892 sic
1044 3839 1188 3915 superiori
1206 3837 1280 3894 libro
1305 3833 1417 3893 codices
1436 3849 1534 3890 omues

298 3923 403 3978 uetusti
420 3921 576 4001 Driops'ius
595 3940 648 3994 pro
667 3922 834 4002 Teiopc'ius.
853 3923 965 3982 Auctor
989 3938 1227 4003 argumentorum
1253 3929 1407 3984 namnum
1432 3943 1532 4002 agrurn

303 4013 414 4079 habet,
433 4015 486 4070 sed
504 4013 598 4071 codex
616 4017 784 4074 veterrimus
801 4017 833 4072 S.
852 4018 953 4076 Marci
963 4058 972 4086 ‚
992 4019 1053 4076 iiiie
1073 4021 1249 4078 Amasenuns
1266 4019 1392 4075 eaisibet.

237 4151 241 4162 .
356 4111 424 4179 649.
441 4105 518 4165 Hinc
538 4107 600 4165 tris.
620 4108 709 4165 Mala
729 4107 800 4166 iaec
820 4109 1013 4183 Hesperidum
1033 4113 1125 4170 lscrtis
1143 4111 1299 4188 deportata
1319 4117 1424 4168 narrat
1443 4107 1531 4165 Scito·

298 4195 399 4253 liastes
420 4197 564 4254 Theocriti
583 4200 613 4259 tn
632 4197 720 4282 ttytt.
743 4203 770 4258 3.
792 4210 820 4258 st
842 4201 951 4279 Vergili
969 4207 997 4274 65
1017 4205 1107 4282 eclog.
1134 4203 1207 4260 Tum
1228 4202 1306 4279 cunis
1337 4197 1529 4278 Hesperidum

298 4289 430 4346 miratum
450 4287 521 4346 mula
543 4289 676 4368 pucilam.
695 4293 803 4368 Scyros
822 4303 922 4351 aulem
943 4297 1108 4352 certaminis
1128 4293 1214 4370 liujus
1233 4313 1322 4351 scena
1345 4303 1398 4350 est.

356 4385 422 4532 653
441 4381 539 4531 {unu
550 4385 638 4442 Mala
659 4402 727 4444 esse
744 4389 821 4445 inter
839 4387 929 4446 illicia
949 4393 980 4447 st
998 4387 1128 4465 symbola
1140 4387 1260 4446 Veneris
1272 4395 1372 4446 notum
1385 4407 1426 4446 ec
1441 4385 1532 4446 ΤΙιαα-

300 4478 367 4535 criti
385 4478 403 4531 l
417 4476 475 4552 yl.
498 4481 527 4533 6.
