3350 5268
357 347 430 434 18⁰
669 369 702 428 Ρ.
724 371 848 427 ortust
866 368 1032 430 sasosts

263 489 469 586 Restituit,
483 485 879 597 pactamquefidem
898 484 1001 566 data
1021 515 1190 570 uzunera
1208 487 1350 572 solvit.
1394 487 1471 576 135

259 603 374 692 Neve
392 599 499 681 male
518 615 658 708 optata
681 627 851 680 ruaueas
869 598 1128 681 circumlitus
1146 629 1274 702 aura,

265 717 399 808 Vade,
427 715 501 806 ait,
520 710 582 793 ad
599 714 765 824 rucguis
783 713 971 792 uicinum
993 712 1196 796 Sardibus
1215 743 1396 817 amnem,-

259 831 421 941 Perque
429 826 582 937 jugum
605 825 754 906 marnis
773 825 1004 907 labentibus
1023 827 1172 908 obvius
1192 826 1319 911 undis

264 942 395 1051 Carpe
415 942 535 1036 viam,
555 935 689 1017 dmtec
710 941 859 1018 vareias
878 937 1142 1052 aclstumiais
1162 959 1302 1032 ortus:
1411 1028 1416 1037 ‚

257 1054 570 1165 Spumiferaque
589 1067 701 1128 tuum
711 1053 840 1160 forati,
862 1079 944 1160 quc
958 1053 1163 1161 plurimus
1183 1057 1298 1161 exit,
1395 1063 1470 1164 ido

256 1167 395 1252 Subde
414 1179 553 1272 caput,
573 1191 804 1276 curuatisque
823 1165 972 1254 sirmii,
992 1167 1120 1246 simul
1135 1167 1225 1246 elue
1244 1169 1412 1256 crimen.

256 1283 351 1364 Rex
359 1279 509 1391 jussae
527 1274 717 1356 succedit
735 1305 894 1387 cquae:
914 1279 985 1360 vis
998 1286 1151 1359 casceca*
1170 1279 1302 1360 tinxit

257 1394 449 1484 Flumen,
468 1405 507 1468 et
526 1387 703 1468 ltuuzaua
722 1387 775 1469 ule
795 1417 964 1498 corpore
983 1393 1108 1474 cessit
1127 1392 1171 1472 iu
1190 1417 1366 1476 amnem.
1465 1407 1467 1411 '

256 1504 385 1590 Nurac
404 1529 564 1612 quoque
572 1499 666 1610 jam
687 1504 840 1582 ueteris
853 1519 1047 1610 percepto
1066 1505 1221 1584 semiue
1241 1533 1366 1588 venae

257 1619 377 1704 Arra
396 1617 546 1727 rigam,
567 1643 670 1695 auro
689 1613 875 1696 madidis
887 1615 1093 1723 pallentia
1109 1615 1257 1726 glebis.
1347 1621 1351 1628 ’
1390 1619 1466 1729 145

137 1739 141 1746 ’
311 1728 403 1826 Ille,
416 1732 613 1836 perosus*
632 1755 741 1836 apes,
760 1727 897 1808 silvas
915 1743 955 1808 ct
972 1757 1070 1809 rura
1090 1727 1270 1829 colebat,

261 1845 466 1950 Panaque
484 1841 694 1921 montanis
711 1841 964 1921 habitantem
984 1869 1143 1948 semper
1159 1841 1204 1922 in
1223 1844 1368 1928 aratris.

254 1955 420 2068 Pingue
443 1950 521 2034 sed
536 1954 749 2064 ingenium
770 1955 934 2035 irrausit:
954 1955 1242 2068 nocituraque,
1262 1973 1307 2038 ut
1326 1977 1436 2063 aute,

304 2985 366 3054 ¹³7·
386 2984 495 3060 Magnis
515 2983 658 3042 Sardibus.
678 2982 781 3040 Sardis
801 2983 867 3039 urbs
886 2991 929 3040 est
951 2981 1062 3056 Lydiae
1084 2981 1182 3036 Croesi
1200 2979 1292 3054 regie.
1324 2974 1467 3033 Vicinum.

242 3076 395 3132 Pactolum
408 3095 446 3132 ex
467 3077 568 3132 Tmolo
587 3087 713 3133 mortum
734 3085 827 3132 ortum
847 3075 952 3130 Sardis
965 3093 1034 3149 opp.
1049 3069 1258 3148 praeterfluere
1277 3069 1376 3126 scribit
1387 3071 1471 3124 Sta·

242 3167 336 3222 bolib.
361 3171 422 3236 13.;
443 3187 493 3241 per
512 3167 634 3224 medium
654 3168 791 3224 Sardium
802 3166 907 3240 sorum
920 3166 1039 3241 fluere,
1060 3166 1224 3222 Herodotus
1238 3162 1291 3234 lilt-
1316 3167 1341 3222 5.

300 3261 376 3315 Feb.
406 3263 552 3336 1V.lrg.
586 3263 640 3318 ttte
669 3279 788 3334 perusus
819 3279 895 3335 opes.
936 3258 1026 3316 Midas
1058 3259 1193 3316 facultate
1224 3257 1285 3314 auri
1322 3255 1469 3316 efficiuadi

240 3351 378 3428 qraiequid
399 3367 527 3431 tangeret
546 3353 684 3412 liberatus
696 3395 704 3422 ‚
726 3373 849 3432 opesque
871 3373 1008 3430 perosus,
1029 3355 1059 3410 ia
1079 3351 1167 3429 sylvis
1190 3351 1359 3422 habitabat,
1379 3353 1469 3410 Pana·

243 3465 299 3518 qtae
321 3459 464 3521 pastorum
485 3449 576 3503 Deum
597 3447 718 3516 colebat,
731 3447 780 3523 qui
794 3468 857 3503 cum
880 3445 971 3504 fistula
987 3447 1101 3504 inventa
1117 3443 1170 3502 eibi
1190 3445 1312 3502 multum
1334 3443 1468 3522 nymphis

241 3535 351 3612 placere
384 3539 547 3608 uideretur5
567 3560 649 3596 aursus
671 3551 713 3595 est
746 3537 907 3616 Apollinem
927 3539 955 3593 in
988 3549 1132 3594 certamen
1158 3556 1333 3613 provocare,
1365 3537 1466 3596 Tmolo

241 3641 348 3686 nautius
367 3631 429 3684 Deo
449 3630 542 3704 judice
563 3631 726 3687 constituto.
749 3631 821 3686 Cum
850 3647 917 3688 vero
948 3629 1087 3686 sententia
1109 3644 1159 3702 pro
1179 3626 1312 3703 Apolline
1332 3627 1387 3686 lata
1408 3649 1468 3686 om·

237 3716 325 3778 nibus
345 3718 477 3796 placeret,
497 3719 572 3776 eolus
594 3723 691 3786 Midas,
711 3719 831 3777 naturali
850 3717 970 3776 stultitia
991 3719 1106 3782 ductus,
1125 3739 1186 3777 eam
1210 3731 1242 3776 ut
1262 3718 1395 3794 injustam
1416 3719 1468 3777 im·

242 3807 379 3881 probarit.
397 3813 491 3882 Quare
514 3811 615 3885 Apollo
635 3807 807 3886 indignatus,
828 3831 908 3868 aures
929 3809 1002 3866 illius
1016 3810 1043 3866 iu
1058 3809 1179 3868 asininis
1193 3811 1346 3880 convertit,
1363 3810 1468 3886 quibua

239 3896 326 3971 ipsius
345 3897 485 3958 stoliditas
506 3901 685 3958 isulicaretue.
705 3901 856 3976 Longiores
875 3920 995 3976 namque
1025 3921 1107 3960 aurea
1132 3923 1167 3959 ex
1193 3889 1375 3979 physicorum
1404 3921 1468 3958 sen-

240 3985 329 4042 tentia
346 3990 502 4046 secordiam
516 4012 581 4069 prm
594 4012 624 4048 sa
638 3992 740 4048 serunt:
760 3993 909 4048 Caeterum
925 3993 1015 4049 blidas
1027 4012 1108 4050 aures
1127 3994 1249 4050 asininas
1268 3991 1344 4050 tiaris
1364 4013 1468 4072 purper-

242 4075 297 4130 reis
321 4077 492 4148 occultavit,
511 4081 676 4157 tonsorique
691 4080 854 4148 inundavit,
874 4103 909 4138 ue
932 4083 1050 4141 verbum
1070 4083 1202 4160 cuiquam
1221 4083 1256 4140 de
1277 4084 1331 4142 illis
1351 4083 1467 4146 laceret.

240 4165 352 4222 'l'ousor
372 4189 438 4226 vero
461 4191 525 4227 cum
547 4173 664 4229 reticere
679 4193 735 4254 uon
757 4187 864 4250 posset,
884 4173 912 4229 iu
932 4173 1026 4232 locum
1055 4173 1198 4232 desertum
1218 4175 1352 4243 secessit,
1370 4176 1467 4254 ibique

240 4257 338 4313 foveae
358 4257 449 4315 sactae
470 4260 703 4332 immurmuravit,
725 4263 828 4320 Midam
850 4279 930 4322 aures
950 4265 1071 4322 asininas
1090 4263 1205 4322 habere.
1224 4265 1333 4322 Deinde
1355 4268 1469 4326 foveant

241 4361 315 4405 terra
337 4349 467 4426 replevit.
490 4354 650 4412 arundines
670 4368 763 4411 autem
785 4375 818 4412 eo
839 4355 867 4410 iu
889 4354 951 4412 loco
964 4369 1057 4423 natae,
1073 4370 1213 4432 uentoque
1226 4359 1354 4436 agitatae,
1368 4359 1467 4416 eadem

240 4439 350 4511 verba,
376 4443 431 4499 boc
451 4457 515 4511 est,
537 4445 627 4502 blidas
646 4466 696 4503 rex
715 4447 837 4504 aaiuioas
856 4466 937 4504 aurea
958 4447 1043 4506 babet
1054 4489 1063 4516 ‚
1088 4448 1255 4508 referebant.
