3338 5258
422 378 506 495 594
757 395 1127 466 normanum

335 527 489 614 Inemis
500 525 528 609 Ρ
544 541 619 607 aut
635 523 791 637 ecquid
804 540 866 609 tot
881 517 1150 634 defendentia
1169 543 1286 600 muns

334 640 483 726 ttttttio
501 667 628 724 caesa
644 634 802 723 doles?
818 632 974 748 ecquid
986 630 1007 748 (
1018 661 1071 716 ne
1083 657 1312 743 persequer
1325 621 1509 757 omnes)

334 755 529 838 Hectoris
543 755 685 834 untbro
704 752 811 834 subit
830 749 987 834 cimon
1005 771 1083 831 suo
1102 745 1311 858 Pergamo
1329 741 1500 824 tracte?

337 867 438 953 Cum
458 884 595 948 tomen
613 865 851 974 diesem,
870 861 1056 974 belloque
1073 859 1282 942 cneeutior
1296 857 1388 964 ipso

338 976 459 1070 Viuit
477 977 617 1062 edituo
635 979 770 1089 operis
787 976 921 1060 nostri
932 973 1156 1086 populator
1172 967 1374 1056 Achilles.

337 1095 423 1178 Det
443 1093 546 1174 mitt
560 1118 622 1174 se:
633 1092 778 1200 fauo,
796 1089 956 1200 tripiici
971 1084 1078 1200 quid
1093 1082 1265 1198 cuspide
1277 1080 1468 1192 possim,

336 1207 518 1290 Sentiat.
536 1205 598 1290 At
617 1205 810 1316 quoniam
830 1231 1072 1287 concionem
1087 1201 1278 1284 cominus
1294 1194 1408 1276 hosti
1467 1191 1559 1309 595

338 1319 437 1408 Non
455 1316 605 1416 detur,
623 1317 795 1402 occulto
814 1344 892 1398 nec
912 1315 1079 1424 opinuen
1092 1309 1221 1423 perde
1238 1311 1408 1422 sagittd.

339 1433 529 1516 Annuit:
548 1447 672 1540 utque
689 1429 830 1513 animo
842 1427 1003 1539 pariter
1011 1443 1244 1538 patruoque
1254 1451 1408 1534 suoque

341 1545 493 1628 Delius
511 1541 760 1656 indulgens,
778 1543 929 1625 nebula
946 1541 1112 1624 uelatus
1131 1541 1176 1622 in
1194 1563 1345 1651 agmen

343 1657 537 1742 Pervenit
556 1656 755 1755 Iliacum
776 1652 999 1768 medicique
1014 1653 1061 1738 in
1077 1650 1208 1738 coede
1224 1652 1402 1738 tironem

400 3683 463 3754 594.
481 3681 539 3738 Det
551 3675 629 3738 mihi.
640 3679 766 3758 Naviget
778 3682 860 3740 enoda
871 3701 958 3760 seque
977 3682 1045 3740 milti
1052 3680 1166 3749 emeat,
1179 3682 1286 3737 sentiat
1291 3675 1375 3754 fato
1389 3675 1544 3738 uindicem.

399 3777 462 3848 597.
481 3773 587 3832 Animo
607 3773 713 3852 puriter
732 3787 901 3852 patruoque.
915 3779 1012 3834 Frena
1026 3777 1139 3832 laxans
1154 3776 1218 3830 irae
1231 3776 1259 3829 in
1276 3773 1413 3830 Achillem
1427 3777 1582 3851 utriusque

339 3870 461 3924 nomine:
471 3886 535 3934 suo,
549 3870 619 3946 quia
633 3869 784 3924 Hectorem
801 3867 960 3944 Troianum
975 3867 1130 3937 occiderat,
1142 3877 1171 3923 et
1188 3865 1326 3944 Trojanis
1339 3869 1492 3926 clientibus
1517 3871 1580 3925 suis

339 3957 516 4015 veliementer
535 3969 684 4016 nocuernts
704 3959 845 4038 Neptuni,
864 3963 934 4036 quia
957 3971 1092 4036 patruus,
1119 3967 1148 4016 et
1166 3958 1295 4034 stateem
1313 3978 1398 4016 suum
1410 3959 1578 4034 patruelem

340 4049 470 4122 Cycnum
482 4058 659 4124 peremerat.

398 4142 462 4212 599.
482 4140 641 4220 Medisque.
661 4145 697 4198 ln
710 4141 817 4219 templo
830 4142 972 4218 Apollinis
993 4142 1179 4218 Thymio-aei,
1195 4161 1251 4220 quo
1263 4141 1516 4220 invitatusfeernt
1537 4149 1580 4202 A·

338 4233 437 4290 ciuiles
449 4235 486 4291 ab
498 4237 617 4292 Hecuba
631 4234 673 4291 ad
685 4237 806 4312 nuptias
820 4236 1000 4312 Polyaenus,
1012 4237 1181 4310 insequens
1193 4244 1236 4291 est
1248 4256 1268 4292 a
1282 4237 1390 4294 Paride
1402 4247 1469 4314 pest
1483 4241 1510 4292 si
1514 4259 1575 4292 mu-

341 4327 472 4386 lachrum
482 4327 603 4386 latente.
624 4330 726 4404 Dyctis
742 4329 886 4386 Cretensis
905 4329 979 4404 ΗΜ
995 4331 1136 4386 irretitum
1154 4331 1334 4396 amplexibus
1349 4331 1584 4410 Deiphoii'nup·

343 4422 401 4476 tias
411 4421 519 4475 sororis
532 4419 576 4474 illi
588 4419 764 4496 gratulanti,
779 4439 797 4475 a
811 4419 923 4479 Paride
940 4419 1106 4499 confossum
1118 4421 1226 4479 scribit.
1251 4423 1286 4496 Q.
1300 4423 1425 4480 Calaber
1439 4421 1490 4480 iil.
1503 4429 1529 4482 3.
1546 4427 1585 4484 ab

342 4514 406 4586 ipso
420 4512 559 4588 Apolline
571 4529 686 4572 caesum
699 4511 881 4587 indignatur.
