3334 5254
443 283 526 374 320
778 307 1143 370 novennstsotts

353 430 445 517 Aut
456 425 562 542 quiri
570 423 688 539 apud
696 427 1037 542 magnumpotiue
1049 427 1310 540 loquerentur
1320 425 1568 511 Achillem.9

350 545 557 629 Proxima
568 541 791 652 praecipue
806 537 962 626 domito
979 539 1151 628 victoria
1173 537 1325 652 Cygno

352 659 404 741 In
422 683 607 739 sermone
611 654 729 764 fuit;
747 654 876 740 risum
893 653 1078 736 mirabile
1097 655 1290 757 cunctis;
1478 645 1558 734 165

357 767 485 882 Quod
489 768 647 881 juveni
661 795 812 875 corpus
829 767 944 848 nullo
957 765 1211 875 penetrabile
1229 765 1331 858 telo,

350 883 640 991 Invictumque
657 878 720 963 ad
734 879 899 963 vulnera
918 896 1006 960 erat
1020 943 1030 978 ,
1038 879 1280 989 flentumque
1299 878 1463 959 terebat.

352 995 448 1078 Hoc
464 994 597 1105 ipsum
615 989 837 1092 AEacides,
855 991 934 1074 hoc
953 992 1209 1076 mirabantur
1228 990 1386 1076 Achiui.

356 1104 458 1189 Cum
475 1107 540 1189 sic
557 1104 711 1189 Nestor
723 1105 806 1190 ait.-
829 1105 976 1188 Vestro
984 1106 1075 1211 fuit
1093 1106 1244 1186 unicus
1261 1131 1372 1186 aevo

355 1215 589 1302 Contemtor
591 1218 707 1325 ferri
711 1281 722 1318 ,
741 1216 935 1327 nulloque
943 1217 1144 1324 forabilis
1161 1217 1249 1299 ictu
1483 1243 1559 1323 ¹7⁰

354 1328 552 1442 Cygnus:
571 1346 616 1410 at
634 1330 722 1440 ipse
739 1328 837 1412 olim
854 1332 1079 1438 patientem
1097 1328 1266 1414 vulnera
1283 1327 1396 1409 mille

352 1439 528 1551 Corpore
543 1469 628 1524 nou
646 1443 760 1525 laeso
779 1440 1053 1524 Perrhaebum
1075 1439 1238 1524 Caenea
1256 1439 1366 1526 n'di:

352 1551 515 1637 Caenea
531 1554 823 1653 Perrhaebum,
843 1555 1061 1665 quifactis
1077 1552 1264 1664 inclytus
1285 1551 1450 1662 Othryn

348 1665 549 1752 Incobtit:
569 1693 729 1780 quoque
745 1665 798 1752 id
810 1667 957 1752 mirum
976 1667 1117 1780 magis
1134 1681 1242 1750 esset
1259 1666 1305 1750 in
1322 1665 1396 1749 illo
1414 1725 1428 1758 ,

396 3363 458 3417 ¹7²·
476 3339 695 3402 Peerrhnebum.
713 3345 888 3414 Perrhaebi,
906 3363 973 3423 pop.
995 3343 1182 3412 Thessaliae,
1199 3344 1250 3422 qui
1273 3363 1294 3400 a
1313 3343 1448 3419 Lapithis
1465 3345 1570 3406 devicti

336 3439 367 3494 in
385 3445 523 3494 montana
542 3433 734 3512 confugerunt
752 3438 794 3494 ad
814 3441 966 3515 Olympum
978 3447 1007 3494 et
1023 3441 1131 3510 Tempe
1144 3440 1213 3494 sita.
1225 3438 1348 3494 Caenea.
1361 3440 1468 3494 Caenis
1486 3440 1569 3498 etati

338 3529 481 3604 Lapithae
489 3528 562 3606 filia
571 3527 660 3602 suit:
680 3531 727 3586 cui
756 3531 906 3606 Neptunus
932 3549 995 3587 cum
1014 3532 1072 3586 vim
1099 3527 1267 3596 intulisset,
1295 3529 1409 3602 copiam
1430 3527 1514 3602 secr't
1535 3541 1568 3589 ut

338 3621 474 3700 quicquid
492 3621 599 3687 veliet,
617 3629 726 3696 peteret
736 3646 746 3692 ς
764 3639 796 3679 se
813 3625 887 3679 enim
907 3624 1018 3678 omuino
1036 3639 1254 3678 concessurum:
1277 3621 1381 3676 Puella
1404 3631 1436 3676 ut
1457 3623 1504 3678 air
1522 3627 1565 3679 in-

338 3712 522 3769 vulnerabilis
539 3711 701 3789 ficeretur
718 3715 811 3786 petiit.
831 3712 867 3768 ta
886 3713 930 3769 iiii
949 3713 1068 3789 benigue
1086 3713 1235 3788 praestitit
1266 3710 1427 3785 Neptunus.
1448 3712 1567 3788 cyneo.

339 3821 407 3878 sque
428 3810 565 3870 vocatus,
584 3801 657 3857 nulii
676 3806 803 3859 Deorum
828 3822 919 3880 neque
946 3803 1132 3878 sacrificabat
1143 3841 1153 3872 ,
1173 3819 1263 3879 neque
1292 3800 1499 3875 supplicabat,
1519 3803 1569 3860 seb

340 3912 414 3950 suae
432 3895 595 3959 duntaxat,
616 3893 738 3963 hastae,
761 3897 809 3950 tui
826 3900 913 3952 etiam
933 3899 1100 3972 peregrinas
1119 3894 1161 3952 ad
1178 3913 1210 3952 se
1228 3895 1369 3950 venientes
1393 3894 1571 3966 sacrificare

341 3986 469 4062 cogebat.
489 3987 555 4060 Qua
576 3989 725 4063 impietate
744 3991 819 4043 iram
839 3991 915 4046 Iovis
927 3991 956 4044 in
976 4007 1007 4045 se
1027 3991 1189 4044 concitavit.
1205 3986 1281 4043 Nam
1295 3987 1324 4040 ia
1343 4003 1444 4062 pugna
1459 4007 1477 4040 a
1501 3989 1572 4042 Cen·

340 4081 432 4135 tauris
452 4081 481 4134 in
500 4085 609 4156 nuptiis
629 4079 752 4136 Pirithoi
771 4081 1043 4148 excitata,mu1tas
1063 4081 1184 4138 hostium
1204 4098 1268 4134 cum
1289 4079 1506 4153 interfecisset,
1520 4099 1570 4136 ne-

337 4191 391 4248 que
410 4173 471 4245 ipse
489 4172 660 4250 cujusquam
672 4169 760 4245 serra
778 4174 924 4231 vulnerari
941 4184 1055 4250 posset,
1073 4195 1093 4229 a
1115 4175 1267 4228 Centauris
1287 4169 1404 4226 tandem
1426 4171 1571 4247 conjectis

339 4263 489 4320 arboribus
502 4265 569 4338 suit
588 4281 764 4339 oppressus,
785 4269 815 4322 in
835 4286 973 4342 avemque
994 4287 1013 4323 a
1034 4267 1169 4341 Neptuno
1190 4273 1412 4322 transmutatus.

400 4355 608 4432 173.01rhyn.
630 4357 725 4415 Mons.
747 4367 790 4418 est
812 4359 990 4418 Thessaliae
1009 4359 1124 4438 Othrys.
