3350 5268
359 324 437 434 164
687 347 1048 411 r.ov1o11ussos1s

266 467 373 554 Inde
390 469 616 553 cruentatis
634 483 845 552 vertuntur
858 469 905 546 iu
925 466 1090 576 Orpbea
1108 463 1295 564 dextris,

267 581 331 666 Et
348 594 508 690 coeunt,
529 597 573 664 ut
590 609 706 686 aves;
724 581 766 662 si
781 578 950 690 quando
969 576 1062 660 luce
1079 593 1310 690 uagantem

265 695 417 779 Nouis
434 722 556 776 ouem
569 708 756 778 cernunt:
775 707 1011 801 Structoque
1030 691 1231 802 utrimque
1252 690 1411 774 theatro

269 805 353 890 Ceu
371 810 574 890 matutina‘
590 833 741 889 ceruus
754 805 961 914 periturus
978 807 1130 897 arenci,
1412 802 1468 888 26

264 917 434 1002 Praedo
447 949 596 1004 eanum
609 935 683 1016 est,·
696 933 904 1026 vatemque
912 932 1071 1025 petunt,
1084 931 1125 997 et
1132 915 1291 1024 fronde
1308 917 1469 1001 uirenti

267 1029 504 1144 Conjiciunt
520 1031 696 1141 thyrsos,
716 1057 797 1109 non
815 1030 919 1111 bueo
930 1032 975 1110 in
993 1057 1162 1112 munero
1169 1032 1329 1138 factos.

263 1144 357 1227 Hae
371 1146 529 1258 glebas,
545 1143 644 1224 illae
662 1139 849 1251 dereptos
866 1144 1008 1223 arbore
1026 1171 1174 1243 ramos,

263 1259 378 1342 Pars
395 1271 582 1368 torquent
600 1255 750 1338 silices.
765 1254 858 1338 Neu
877 1253 1015 1338 desint
1033 1256 1116 1338 tela
1125 1256 1270 1362 furori
1280 1319 1290 1356 ‚
1403 1255 1459 1342 bo

262 1372 390 1466 Forte
407 1371 534 1452 boues
546 1396 689 1478 presso
707 1369 950 1480 subigebant
968 1396 1123 1452 vomere
1139 1384 1288 1450 terram
1301 1411 1316 1456 ¹.-

259 1479 356 1567 Nee
367 1481 519 1591 procul
532 1481 630 1563 bine
648 1482 774 1562 multo
781 1480 971 1586 fructum
988 1479 1139 1563 sudou
1152 1499 1352 1592 parantes

256 1591 385 1686 Dura
403 1594 599 1677 lacertosi
603 1591 826 1702 fodiebant
843 1621 953 1674 arvo
971 1593 1122 1676 coloni.

261 1704 446 1818 Agmine
464 1706 539 1816 qui
552 1707 637 1790 viso
644 1705 834 1817 fugiunt,
854 1705 1065 1816 operisque
1082 1706 1318 1816 relinquunt

260 1821 396 1899 Arma
413 1818 493 1916 sut}
509 1846 749 1930 vostrosque
755 1817 905 1932 jacent
922 1816 1111 1928 disperso
1123 1848 1202 1926 per
1215 1849 1344 1933 agros
1400 1813 1455 1904 35

259 1929 528 2043 Saeculaque,
545 1931 748 2042 rostrique
762 1957 931 2046 graues,
948 1931 1146 2044 longique
1171 1933 1344 2049 ligones.

288 4213 332 4267 25.
349 4211 508 4288 Utrimque.
526 4215 728 4288 Amphiteatro
751 4220 780 4276 in
801 4241 857 4297 quo
880 4223 1046 4296 spectacula
1068 4227 1235 4292 matutina,
1255 4225 1303 4281 ubi
1321 4245 1385 4282 cuns
1398 4227 1443 4283 be·

232 4303 295 4354 stiis
314 4305 497 4377 qurgreabunt:
521 4317 550 4360 et
573 4309 755 4377 meridiana,
785 4313 832 4366 ulu'
856 4317 905 4385 qui
929 4311 1133 4390 superstarent
1156 4333 1194 4372 ex
1214 4315 1367 4374 bestiarum
1390 4336 1443 4392 pu·

233 4407 315 4460 gna,
340 4403 414 4446 uetur
431 4411 464 4446 se
488 4393 677 4465 dimicabant,
701 4403 780 4475 Lips.
804 4405 923 4458 Sutura.
943 4404 963 4458 l.
989 4407 1015 4460 3.
1039 4423 1065 4460 c.
1086 4407 1130 4460 1⁵.
