3334 5254
354 295 434 380 ²9⁰

540 439 593 542 r.
635 430 857 541 ovruu
896 429 1199 540 Ntsorus

396 643 1349 798 METAMORPHOSEON

587 887 748 974 LIBER
779 879 1154 980 DUODECIMUS

715 1080 1022 1153 eruorem.

95 1381 98 1388 ,
203 1322 206 1328 ’
269 1205 407 1381 Belli
432 1289 593 1400 Trojani
623 1283 926 1368 diuturnitatem
957 1313 1116 1398 serpens
1140 1288 1321 1371 volucres
1348 1285 1480 1369 devo-

325 1435 415 1490 rans
435 1400 641 1513 significan
662 1399 734 1511 qui
754 1420 933 1488 mutatur
953 1399 993 1478 in
1014 1427 1167 1484 saxum.
1182 1401 1309 1486 Cerva
1322 1421 1477 1482 macta·

326 1545 392 1604 tur
421 1514 626 1599 inlocum
660 1511 897 1621 Iphigeniae.
931 1508 1090 1594 Bellum
1120 1513 1345 1627 Tro'janum'
1377 1511 1478 1595 Orbi

329 1631 486 1714 nuntiat
504 1627 640 1710 Fama.
660 1623 759 1736 Ejus
779 1620 939 1708 domus,
966 1621 1130 1735 Cycnus
1158 1625 1387 1712 ab,Aclrille
1412 1625 1481 1709 ri-

328 1767 416 1827 ctus
449 1744 490 1824 in
522 1768 637 1822 avem
670 1737 952 1846 cognominem
984 1738 1407 1838 vertitur:'Gauneus‚
1434 1759 1482 1820 et

326 1854 626 1968 Periclymenus
644 1845 686 1934 in
706 1848 900 1934 volucres.
920 1848 1061 1934 Nestor
1078 1882 1255 1964 pugnam
1283 1851 1483 1964 Lapitha-

328 1999 419 2051 rum
441 1997 534 2051 cunt
556 1963 763 2049 Centauris
783 1987 924 2048 narrat.
1006 2037 1021 2067 r,

275 2205 358 2335 N
351 2245 486 2326 esciur
505 2244 701 2324 ossrtmtis
721 2245 919 2328 Priamus
930 2221 1268 2354 paternionem
1287 2241 1369 2325 olis

280 2353 445 2447 Vivere,
465 2356 650 2465 lugebat.-
669 2358 825 2438 tumulo
845 2385 1004 2469 quoque
1023 2383 1171 2438 nomen
1189 2357 1358 2438 debenti

277 2469 457 2578 Inferior
478 2466 649 2550 dederat
668 2469 978 2578 cumfratribus
1003 2469 1154 2556 Hector
1168 2470 1327 2579 z'nones.

327 2671 401 2727 Fal.
419 2673 444 2727 1.
463 2679 493 2725 et
511 2673 550 2724 11.
574 2673 642 2747 Arg.
661 2671 780 2728 il'escius
799 2673 964 2747 atsrrmptis.
982 2671 1119 2728 Draconis
1139 2671 1425 2739 transmutationem,
1445 2670 1498 2746 qni

272 2763 363 2842 pullos
383 2779 447 2816 cum
467 2773 555 2817 matre
569 2762 642 2839 apud
665 2763 796 2820 Aulidem
816 2763 1011 2841 spectantibus
1031 2761 1146 2819 Graecis
1165 2761 1327 2828 decoravit,
1348 2762 1497 2838 perspicua

271 2855 398 2932 exponit.
417 2857 486 2910 Num
516 2875 579 2910 cum
602 2854 677 2910 mille
697 2858 872 2913 Graecorum
891 2853 1030 2910 Helenam
1051 2853 1241 2930 repetentium
1263 2853 1396 2911 naveaatl
1418 2853 1500 2912 Auli·

273 2952 337 3006 deur
359 2947 575 3014 convenissent,
596 2968 629 3002 ae
647 2948 712 3005 Jovi
743 2947 897 3004 sacrificare
918 2945 1018 3004 Graeci
1038 2944 1145 3003 vellent
1157 2985 1166 3012 ‚
1186 2964 1252 3003 ecce
1272 2965 1388 3024 serpena
1409 2945 1499 3024 plata·

160 3043 166 3050 '
274 3061 341 3097 uum
368 3059 430 3094 arae
457 3039 651 3094 imminentem
683 3037 833 3102 ascendit,
867 3055 899 3093 ac
925 3035 1046 3114 primum
1071 3035 1163 3114 pullus
1193 3051 1258 3094 octo
1277 3037 1328 3114 qni
1359 3035 1500 3104 aderant,

274 3131 377 3189 deiude
399 3131 650 3187 circumvolantem
671 3142 788 3185 matrem
810 3128 866 3186 huc
887 3130 915 3184 iu
936 3129 1002 3186 nido
1023 3130 1177 3191 devoravit.
1197 3130 1281 3204 Quod
1300 3129 1414 3206 quidem
1434 3151 1501 3187 cnm

276 3226 322 3284 alii
342 3225 562 3292 admirarentur,
582 3223 701 3280 Calelraa
715 3244 751 3279 ex
764 3245 798 3280 eo
819 3222 935 3301 collegit
957 3221 1064 3280 bellum
1085 3244 1187 3282 norem
1211 3245 1301 3284 anana
1320 3223 1503 3291 duraturum,

277 3340 309 3376 ac
332 3318 442 3374 decimo
468 3319 581 3374 demum
602 3338 676 3373 anuo
702 3318 816 3394 Trojam
851 3331 966 3395 captum
991 3316 1035 3373 iri.
1059 3318 1211 3375 Caeterum
1241 3337 1356 3394 serpena
1389 3315 1435 3374 ille
1465 3317 1502 3373 ad

278 3424 442 3489 perpetuam
464 3411 504 3465 rei
525 3411 688 3467 memoriam
709 3411 738 3466 in
762 3429 861 3466 taxum
880 3431 895 3465 a
916 3408 1049 3465 nitescit
1069 3422 1268 3473 commutatus.
1290 3411 1389 3466 Fertur
1408 3421 1504 3466 autern

283 3514 382 3578 portus
396 3500 528 3557 Boeotiae
549 3498 596 3556 lrie
615 3518 694 3566 este,
714 3501 763 3556 ubi
775 3500 850 3556 mille
869 3519 956 3556 nates
975 3498 1098 3557 advertis
1118 3499 1332 3577 tempestatibna
1351 3499 1504 3556 antissent.

286 3589 460 3647 Morantibua
481 3591 556 3646 enim
576 3589 692 3648 Aclriris
703 3631 713 3657 ,
734 3590 921 3669 respondetur
939 3610 955 3646 a
972 3589 1127 3658 Calchante
1146 3603 1289 3650 nonanta
1308 3589 1408 3651 clueant
1427 3611 1508 3669 potae

291 3683 414 3752 mereri,
438 3703 524 3758 quam
542 3683 717 3761 Iphigeniam
738 3697 816 3761 pater
841 3683 1021 3754 immolasset3
1039 3703 1113 3762 quaa
1133 3702 1200 3741 cnm
1218 3703 1269 3761 pro
1301 3703 1332 3741 ra
1362 3683 1507 3742 communi

284 3775 412 3834 adaram
434 3788 508 3834 esset
531 3777 693 3855 applicata,
716 3778 792 3835 inter
816 3776 981 3837 sacrificium
1001 3775 1133 3837 obductis
1150 3773 1276 3836 nabibus
1294 3776 1412 3836 alliena
1430 3789 1508 3858 rapta

285 3881 347 3938 eat,
368 3881 397 3926 et
416 3891 466 3947 pre
487 3889 520 3926 eo
539 3872 683 3949 supposita
702 3873 800 3932 Gerra.

234 4015 236 4019 .
340 3961 366 4014 3.
395 3958 522 4016 iniurias.
541 3953 637 4032 Xoc'tc:
650 3965 820 4040 fundebant
839 3966 913 4020 enim
942 3964 1161 4043 irrserelrantque
1190 3964 1308 4022 tumulis
1337 3965 1403 4034 lac,
1431 3965 1508 4032 nael,

285 4053 452 4127 sengrrinem
467 4089 477 4115 ,
495 4055 611 4120 vinnm,
640 4054 755 4121 oleum,
777 4055 883 4120 tores,
904 4055 1009 4124 thura,
1027 4057 1182 4130 lacrymas.
1213 4057 1325 4114 innuet.
1356 4055 1413 4114 Vel
1432 4055 1512 4133 qnod

287 4141 329 4196 nd
359 4144 558 4218 cenotaphium
578 4148 692 4220 ipsum,
712 4151 752 4203 sic
772 4149 919 4224 Deiphobo
938 4151 1044 4205 AErteac
1062 4149 1110 4206 lib.
1133 4154 1160 4204 6.
1181 4149 1265 4206 Tune
1285 4161 1398 4226 egomet
1418 4161 1512 4205 tumu-

288 4232 347 4290 lum
369 4237 495 4292 thaeteo
516 4239 543 4293 in
567 4241 647 4297 litore
669 4241 781 4298 inanem
802 4241 963 4310 Constitui5
983 4242 1025 4298 vel
1044 4241 1121 4319 quod
1134 4241 1175 4298 ad
1194 4246 1272 4318 ipsos
1288 4242 1359 4316 sato
1370 4241 1509 4317 sanctos:

291 4326 334 4380 aie
351 4335 442 4400 poeta
455 4327 552 4402 sunus
572 4331 709 4387 Marcelli
733 4336 916 4410 prosequitur
935 4333 998 4390 eod.
1018 4332 1112 4388 lilrro:
1131 4332 1185 4390 Hir
1204 4331 1304 4390 saltem
1333 4331 1514 4390 accumulem

291 4415 388 4486 donis,
402 4433 430 4476 et
451 4419 550 4498 iungar
570 4421 647 4478 inani
667 4425 801 4492 Munere,
821 4434 850 4480 et
870 4425 917 4484 lib.
943 4447 985 4482 rt.
1006 4427 1034 4480 in
1054 4427 1183 4502 exequiis
1204 4425 1371 4494 Pallantia,
1390 4427 1449 4482 Noa
1470 4425 1515 4501 jn·

292 4527 392 4566 renent
413 4513 568 4568 exanimem
593 4533 663 4570 vano
684 4515 852 4571 comitamur
872 4513 991 4572 honore.
