3350 5268
426 323 502 420 ι88
743 343 779 402 ι».
808 341 936 404 ovmn
961 335 1132 402 assatos

335 469 490 578 Coepit
509 449 560 563 el,
580 479 624 544 ut
638 463 817 571 primum
831 459 957 570 pleno
974 453 1175 539 maturuit
1193 477 1320 556 anno,

286 566 288 572 ¹
329 579 527 666 Prodidit
544 573 820 690 agrr'oolam*.·
839 572 926 654 leni
937 597 1035 652 nam
1053 584 1190 652 motus
1206 569 1262 650 ab
1282 563 1446 652 Austro

333 695 490 778 Obruta
509 694 627 775 nerlu
645 689 781 794 refert,
799 684 1039 796 dominique
1051 683 1244 794 coarguit
1263 709 1400 768 aures,

390 804 618 900 Ullusabit
638 799 795 895 Tmolo;
814 795 1098 910 liquidumque
1111 823 1191 906 per
1208 806 1310 878 ae'ra
1327 809 1478 881 vectus

330 915 699 1034 Angustumoitra
713 928 884 1023 pontum
903 905 1182 1020 Nepheleidos
1199 905 1343 990 Helles
1468 904 1550 1020 195

331 1019 654 1119 Laomedonteis
674 1031 850 1109 Latoius
868 1023 1035 1104 aelstitit
1054 1021 1180 1105 orvis.

333 1148 526 1232 Dextera
547 1139 705 1252 Sigaei,
724 1136 923 1218 thoetaei
939 1135 1058 1219 luero
1072 1131 1279 1244 profirndi

333 1264 428 1342 Ara
448 1252 741 1361 Panomphaeo
759 1266 882 1330 velus
899 1265 963 1331 est
980 1263 1152 1328 saerata
1172 1243 1371 1328 Tonanti.

333 1369 439 1456 Inde
459 1395 596 1449 nouae
610 1365 790 1472 primam
808 1362 949 1444 moliri
966 1361 1129 1442 moenia
1153 1356 1306 1470 Trojae

333 1477 622 1568 Laomedonta
642 1475 764 1558 ot‘det:
787 1493 1061 1586 susceptaque
1079 1501 1237 1584 magna
1256 1471 1396 1552 labore
1467 1499 1555 1558 200

339 1599 528 1681 Crescere
546 1589 737 1700 difficili,
756 1617 833 1672 neo
852 1616 948 1697 opes
966 1611 1193 1696 exposcere
1205 1613 1381 1696 parvas.

340 1712 522 1816 Cariaque
542 1703 813 1814 tridentigero
833 1699 987 1783 tumidi
1033 1700 1187 1782 enitare
1195 1695 1413 1809 profundi.

338 1820 564 1909 Mortalem
583 1815 775 1898 induitur
780 1816 978 1926 formano
998 1729 1271 1924 {lrygioque
1289 1825 1475 1920 tyranno

339 1931 552 2042 AEdzfioat
565 1957 719 2030 muros,
734 1944 863 2040 pacto
878 1955 956 2038 pro
970 1926 1180 2010 moenibus
1192 1930 1331 2007 auro*.
1452 1941 1456 1946 ’

397 2948 458 3015 ι93.
480 2945 592 3004 Obruta
607 2947 703 3006 verba.
717 2952 800 3023 Quae
818 2948 893 3004 talia
912 2947 1059 3024 suerunt,
1077 2949 1182 3007 tritas
1194 2967 1249 3006 rea·
1262 2949 1349 3006 Atini
1366 2945 1570 3006 asrresltaltet.

399 3037 473 3093 ret.
495 3041 526 3097 V
527 3042 550 3094 1.
564 3039 632 3117 Arg.
657 3041 743 3096 Ultus
761 3041 822 3096 ubit
845 3041 954 3098 Tmolo.
975 3041 1080 3120 Apollo
1099 3053 1185 3118 atque
1205 3042 1356 3118 Neptunus
1367 3060 1434 3099 nu
1453 3041 1575 3098 Laome·

339 3127 457 3187 dantem
486 3132 597 3188 moenia
619 3133 721 3208 Trojae
747 3129 943 3189 aedificantem
974 3133 1127 3201 vidissent,
1146 3135 1176 3190 in
1200 3133 1353 3190 humanam
1370 3130 1488 3211 figuram
1506 3150 1578 3188 con-

339 3218 435 3288 versi,
453 3231 536 3296 pacto
556 3243 674 3280 aurose
695 3221 752 3280 cito
772 3243 842 3299 opus
862 3221 931 3278 illud
953 3223 1132 3282 absoluturos
1151 3236 1333 3301 receperunt.
1352 3222 1485 3280 Manibus
1504 3239 1574 3279 vern
1666 3225 1667 3246 ¹

341 3312 476 3388 perlectis
498 3335 562 3372 cum
584 3313 752 3392 promissum
772 3333 872 3372 aurum
892 3327 1074 3393 reposcerent
1094 3335 1110 3372 a
1128 3314 1346 3383 Laomedonte,
1364 3315 1413 3372 illo
1432 3311 1577 3379 fraudati,

228 3475 235 3482 ·
340 3404 390 3479 qul
408 3409 470 3482 jure
489 3408 611 3484 jurando
631 3426 661 3464 se
682 3407 755 3463 nihil
776 3408 936 3485 promisisse
967 3407 1138 3476 affirmavit,
1156 3418 1266 3465 tantam
1285 3406 1433 3484 perfidiam
1452 3403 1577 3462 inultam

342 3517 405 3554 esse
425 3520 483 3556 non
505 3499 701 3576 permiserunt.
721 3500 872 3576 Neptunus
891 3499 1010 3557 enimet
1028 3498 1166 3558 diluvium
1186 3498 1319 3566 immisit,
1338 3515 1398 3576 qno
1416 3509 1495 3554 totns
1507 3517 1578 3575 ager

342 3590 481 3668 'l'rojanns
503 3604 543 3649 eat
563 3590 734 3661 devastatus,
748 3603 777 3649 et
798 3591 951 3650 Hesionen»
966 3589 1054 3648 liliam
1073 3601 1202 3648 monstro
1219 3591 1328 3648 marino
1348 3609 1490 3668 exponere
1505 3592 1580 3646 Lao-

342 3683 505 3740 medontem
526 3684 626 3762 coligit.
647 3686 737 3758 Quam
758 3683 874 3760 quidem
894 3704 959 3742 cum
980 3683 1120 3740 Hercules
1138 3683 1204 3741 illae
1224 3704 1290 3741 eum
1311 3682 1484 3762 Argonautis
1499 3696 1578 3741 tran·

342 3777 417 3835 siens
437 3777 603 3845 liberasset,
627 3797 659 3834 ao
682 3777 822 3854 promissis
843 3777 922 3852 equis
943 3797 957 3831 a
977 3775 1086 3854 perfido
1107 3795 1172 3855 rego
1192 3775 1391 3845 fraudaretur,
1411 3787 1441 3833 et
1460 3775 1580 3843 Troiam

344 3871 541 3950 expugnavit,
561 3883 590 3927 et
610 3869 765 3926 Hesionam
786 3880 898 3946 captam
919 3867 1069 3926 Telamoni
1088 3871 1166 3927 socio
1184 3868 1314 3929 donarit.

405 3967 466 4035 ¹95·
491 3964 664 4042 Angustum.
687 3963 770 4018 Citra
789 3964 1014 4040 Hellespontum,
1027 3965 1075 4021 tui
1092 3981 1194 4020 nomen
1207 3965 1245 4020 ob
1264 3962 1372 4032 Helle,
1395 3961 1581 4021 Athamantis

347 4077 386 4115 ee
405 4058 534 4132 Nephele
551 4058 640 4133 filio,
660 4075 735 4132 quoe
756 4058 793 4114 ab
815 4077 906 4114 aureo
926 4055 1031 4114 vellere
1050 4066 1131 4114 verta
1151 4057 1190 4112 ibi
1209 4055 1362 4114 intercidit.
1387 4053 1584 4134 Nepheleidos
1666 4079 1667 4104 ι

345 4149 453 4207 Helles.
478 4149 620 4226 Nepheles
637 4151 730 4226 filiae.

404 4265 466 4316 ¹97·
489 4245 620 4301 Dextera.
640 4247 720 4299 later
737 4245 936 4318 promontoria
955 4245 1093 4319 Sigaeum
1113 4261 1134 4294 a
1152 4239 1259 4298 dextra
1280 4251 1309 4299 et
1328 4241 1484 4299 Rhoeteum
1502 4261 1524 4296 a
1542 4242 1581 4296 si·

345 4337 436 4390 nistra
458 4352 512 4389 ara
533 4342 576 4388 est
596 4335 675 4390 lovis
696 4334 895 4408 Panomphaei
904 4375 913 4403 ,
934 4353 972 4390 er
990 4329 1054 4396 noir
1069 4351 1099 4401 ot
1111 4319 1191 4419 ὃμφή
1205 4331 1419 4412 quodomnium
1431 4347 1518 4390 uoces
1530 4351 1587 4390 nu·

346 4423 431 4490 diat,
450 4403 530 4500 quorl
547 4425 672 4480 omnium
693 4425 806 4484 vocibus
826 4425 954 4484 colatur.
1003 4463 1005 4466 -
