3338 5258
428 359 508 470 546
753 387 788 446 r.
818 386 945 444 ovson
973 382 1139 444 nnsoms

344 509 663 623 languentique
682 537 809 590 manu
828 507 1044 593 cambesia
1064 505 1188 590 mista
1206 503 1395 588 tenebat.

342 621 483 706 Fusus
502 625 547 706 in
570 621 754 706 Ossaeae
773 621 940 702 villosis
955 617 1136 729 pellibus
1154 644 1309 728 ursae„

349 731 481 844 Quem
494 736 650 847 procul
663 751 708 816 ut
730 732 832 819 vidit
841 733 1010 843 frustra
1029 733 1148 816 nulla
1165 760 1285 816 arma
1306 756 1476 815 moven-

457 865 563 948 tem,
1478 841 1568 932 320

346 963 495 1046 Inserit
511 977 674 1044 amento
692 959 851 1074 digitos
868 1019 881 1055 ,
901 956 1213 1070 Miscendaque
1244 954 1388 1055 divit,

351 1075 452 1160 Cum
472 1079 603 1187 Styge
622 1074 877 1172 sinantias,
897 1073 1109 1158 Phorbas:
1129 1099 1207 1156 nee
1222 1071 1346 1186 plura
1363 1085 1554 1171 moratus

347 1192 398 1272 In
409 1191 599 1302 juvenem
618 1189 736 1271 torsit
744 1186 940 1303 jaculum
956 1226 967 1285 ,·
977 1189 1224 1299 ferrataque
1242 1181 1353 1268 collo

348 1303 588 1393 Fraxinus,
608 1317 651 1380 ut
670 1328 773 1384 casu
782 1299 925 1413 jacuit
945 1301 1183 1414 resupinus,
1203 1296 1361 1382 adacta
1381 1312 1458 1378 est.

350 1419 471 1503 Mors
488 1415 625 1497 caruit
643 1441 786 1497 sensu:
801 1413 1006 1523 plenoque
1024 1415 1047 1498 ἑ
1064 1409 1382 1526 gutturestuxit
1477 1406 1565 1493 325

350 1529 481 1640 Inque
499 1545 628 1632 toros,
652 1526 776 1638 inqzee
795 1529 889 1636 ipsa
908 1528 1032 1638 niger
1047 1527 1267 1610 carchesia
1285 1521 1489 1634 sanguis:

356 1641 462 1725 Vidi
476 1669 554 1752 ego
574 1638 791 1724 Petraeum
808 1657 1029 1725 conantem
1048 1639 1216 1722 evellere
1237 1641 1350 1719 terrei

354 1751 647 1860 Glandiferam
661 1781 868 1866 quercum,
882 1784 1007 1866 quam
1025 1751 1123 1835 dum
1137 1749 1423 1861 complexibus
1437 1749 1567 1832 ambit

353 1867 415 1954 Et
433 1869 567 1982 qitatit
584 1867 667 1953 buo
682 1867 805 1969 illua,
825 1867 1113 1982 labefactaque
1130 1867 1278 1950 robora
1292 1926 1302 1964 ,
1310 1861 1467 1976 jactat.

402 3760 466 3831 3¹9·
486 3757 618 3816 Ossaeae.
639 3761 674 3814 ln
695 3761 769 3816 Ossa
790 3765 886 3815 mente
905 3761 1034 3814 nutritae
1053 3767 1106 3816 aut
1127 3761 1215 3816 etiam
1234 3767 1351 3838 captae.

402 3855 467 3910 326.
501 3851 661 3910 (lauchonia.
692 3851 732 3926 Is.
761 3851 950 3907 casaubonus
970 3849 1153 3908 oaretestum
1172 3851 1210 3908 ab
1235 3851 1385 3909 Athenaeo
1416 3870 1455 3909 ex
1489 3851 1577 3910 catti·

346 3957 420 4000 :ena
439 3945 627 4021 descriptum,
647 3954 679 4002 et
697 3965 717 4000 a
738 3945 892 4002 Macrobio
911 3963 1039 4011 uersum,
1059 3963 1111 4001 neo
1130 3947 1306 4002 intellectum
1326 3945 1431 4022 probe,
1451 3965 1490 4002 ea
1510 3967 1571 4004 uer·

345 4035 388 4091 bis
413 4039 530 4095 Graecis
549 4041 673 4096 sanitati
692 4042 827 4100 restituit.
850 4037 1056 4108 Cambonum,
1073 4041 1186 4116 inquit,
1206 4048 1250 4094 est
1268 4039 1404 4113 poculum
1422 4056 1576 4114 pracerum

343 4133 373 4180 et
394 4129 472 4184 circa
493 4133 616 4186 mediam
635 4141 749 4205 partem
769 4148 964 4205 compressum
982 4129 1165 4188 niedioariter
1184 4135 1343 4200 ansatum,
1364 4135 1444 4194 ansis
1462 4151 1483 4187 a
1504 4149 1578 4188 sunt·

344 4237 392 4274 rna
405 4221 446 4276 ad
465 4223 593 4300 irfimum
612 4225 847 4300 pertingentibus.
868 4223 1035 4280 Macrobius
1050 4222 1108 4280 boe
1125 4222 1330 4300 popuiigenus
1343 4231 1418 4280 utet
1436 4225 1579 4299 cymbium

342 4312 461 4389 aliaque
480 4339 499 4370 a
520 4337 552 4374 re
571 4319 671 4374 nauali
691 4319 781 4374 ducta
801 4325 938 4373 autumat
958 4318 978 4374 ἱ.
1000 4319 1025 4372 5.
1050 4315 1307 4384 Saturnaliorum‚
1325 4334 1350 4373 o.
1379 4337 1424 4374 αι.
1453 4318 1578 4375 Oasaub.

346 4425 365 4458 a
386 4393 513 4490 κέρχνος
533 4410 632 4464 tonica
650 4427 704 4481 pre
722 4391 850 4496 κὲΊχρος
870 4407 993 4474 mittum,
1013 4407 1097 4484 enjus
1116 4403 1253 4484 sormam
1271 4407 1407 4466 babuisse
1432 4407 1581 4466 carehesia

346 4493 416 4551 atico
437 4493 478 4550 ad
505 4495 648 4554 Athenaei
666 4495 713 4552 b'b.
740 4517 783 4553 ιι.
805 4513 871 4572 cap.
891 4517 948 4552 rue
