3350 5268
269 253 273 260 ’
383 277 460 367 ι86
703 301 739 362 r.
768 299 897 362 ovmu
923 295 1090 363 steorte

285 423 586 536 instabilesque
602 421 686 506 imo
692 421 823 530 fucit,
840 438 882 504 et
897 419 975 504 dat
986 441 1110 532 posse
1128 407 1301 502 moueri.

290 537 464 622 Caetera
480 552 578 620 suut
595 533 786 621 bominis.-
798 549 960 646 partem
976 531 1203 616 damnatur
1217 531 1264 613 iu
1281 545 1435 624 uuam,⁴

288 649 556 762 induiturque
573 677 694 732 aures
712 647 821 732 lenti
831 642 1069 761 gradientis
1086 641 1222 728 uselli.

340 759 419 845 Ille
436 759 604 876 quidem
622 761 744 861 celat,
762 761 952 871 turpique
970 773 1140 841 onerata
1153 750 1314 867 pudore
1376 757 1380 766 ’
1412 746 1492 833 180

284 871 487 986 Tempora
499 875 720 985 purpureis
738 889 870 955 tentat
888 871 1020 958 uebrre
1039 870 1171 952 tiaris.

283 989 380 1081 Sed,
398 985 546 1072 solitus
563 987 715 1101 longos
722 987 842 1094 ferro
860 1013 1044 1068 resecare
1061 980 1259 1094 capillos,

288 1097 466 1188 Viderat
482 1097 783 1208 bocfaruulus:
801 1099 886 1210 qui,
905 1125 1001 1181 cum
1019 1125 1096 1182 rrec
1111 1091 1287 1205 prodere
1300 1091 1434 1178 risum

283 1210 486 1298 Dedecus
502 1209 685 1310 auderet,
705 1213 877 1322 cupiens
898 1205 1046 1324 effirrre
1063 1209 1139 1291 sub
1157 1235 1298 1300 auras,

283 1323 378 1409 Nec
390 1341 532 1437 posset
549 1326 719 1406 reticere
736 1341 887 1426 tamen,
907 1323 1087 1421 secedit;
1105 1322 1355 1436 humumque
1420 1311 1500 1402 185

283 1435 330 1520 E
333 1434 469 1550 (fodit,
487 1453 541 1538 et,
559 1435 723 1520 domini
738 1436 884 1550 quales
901 1437 1119 1546 aspeaerit
1136 1464 1272 1534 aures,

287 1549 403 1638 Voce
420 1549 544 1660 refert
556 1555 704 1660 pareri,
722 1565 934 1663 terraeque
951 1549 1239 1633 immurmurat
1256 1553 1441 1636 haustae.

286 1663 577 1776 Indiciumque
595 1689 696 1744 suae
715 1664 828 1747 vocis
847 1662 991 1743 tellure
1008 1667 1171 1775 regestd

290 1777 462 1883 Obruit3
481 1791 520 1857 et
537 1775 750 1858 scrobibus
768 1775 924 1858 tacitus
941 1771 1123 1858 discedit
1140 1777 1304 1888 opertis.

292 1888 441 1974 Creber
456 1886 732 1971 arundinibus
749 1886 933 1971 tremulis
949 1885 1013 1970 ibi
1027 1913 1192 1999 surgere
1209 1887 1332 1974 luem
1416 1913 1498 2002 190

341 4097 414 4159 tab.
430 4095 471 4162 7.
491 4102 558 4181 Aeg.
578 4101 633 4162 ute
661 4101 794 4182 quidem,
814 4111 869 4164 ete.
889 4103 980 4166 Midee
999 4123 1066 4164 eum
1093 4093 1305 4166 deformitatem
1323 4105 1401 4166 illem
1426 4117 1507 4170 reete

284 4188 408 4262 celeret,
431 4205 464 4251 ut
482 4193 604 4254 iumulue
623 4207 721 4254 toruos
741 4194 831 4264 vidit,
850 4215 945 4274 neque
965 4196 1062 4272 eloqui
1083 4208 1195 4274 posset,
1212 4195 1333 4256 humum
1351 4196 1463 4264 effodit,
1476 4195 1508 4255 iu

285 4299 376 4357 euque
407 4283 606 4344 immurmuret
625 4286 732 4346 Midum
751 4287 823 4346 esini
841 4307 923 4346 euree
943 4287 1057 4348 hebere.
1077 4287 1201 4346 Fercem
1220 4286 1323 4345 deiude
1343 4285 1444 4366 replet.
1462 4286 1509 4344 tbi

285 4383 386 4432 euetee
409 4377 667 4454 rummandum,
687 4378 866 4460 agiteturque
883 4392 970 4442 vento
987 4379 1196 4440 deformitetem
1218 4379 1312 4440 Mibee
1335 4377 1505 4440 iudicarunt.
