3358 5256
423 335 477 454 96
754 355 1123 420 conmissurus

343 481 532 591 Ossaque
549 475 708 593 (sensit
724 474 859 586 enim)
871 493 1061 587 penetrat
1078 492 1245 566 tremor:
1262 475 1440 590 albaque
1452 491 1540 562 toto

344 593 510 682 Venice
528 591 704 676 canities
720 587 874 704 rigidis
891 592 1004 674 stetit
1022 589 1132 672 tina
1150 591 1332 701 capillis.
1453 589 1536 699 425

340 705 485 790 Mutia
514 737 588 807 ue,
608 721 652 786 ut
670 719 881 787 excuteret
899 702 1034 792 diros.
1053 705 1094 784 si
1103 721 1263 812 posset,
1282 732 1464 803 umores,

345 735 548 917 Addiin
566 835 612 900 at
630 819 744 930 virgo
761 817 843 900 scit
859 844 904 900 se
922 846 1005 900 non
1014 816 1139 925 false
1156 816 1338 908 muneri,

346 929 468 1016 Certe
488 932 596 1014 mori
610 948 746 1014 temen
764 945 846 1031 est,
865 933 907 1012 si
921 959 1005 1015 non
1018 933 1210 1040 potietur
1223 943 1378 1012 amatu.

347 1046 470 1136 Vive,
487 1045 550 1124 uit
566 1044 670 1126 baec
684 1087 695 1131 :
708 1044 866 1151 potiere
883 1060 954 1126 tuo
963 1085 976 1142 ;
994 1071 1078 1126 non
1095 1072 1202 1126 nisse
1218 1105 1228 1141 ,
1247 1064 1430 1154 parente,
1526 1087 1529 1101 ·

343 1158 519 1256 Dicere,
538 1158 753 1242 conticuit:
769 1159 1055 1270 promissaque
1078 1157 1245 1240 numine
1248 1153 1415 1264 firmet.

344 1269 472 1354 Festa
483 1271 582 1379 piae
603 1269 760 1354 Cereris
787 1271 1048 1355 celebrabant
1064 1297 1207 1352 annua
1225 1284 1376 1352 matres
1456 1265 1536 1374 431

345 1381 456 1477 Illa,
474 1384 621 1492 quibus
638 1385 765 1468 niveci
783 1385 940 1470 relatae
958 1411 1132 1492 corpora
1150 1397 1256 1468 reste

404 3932 468 3999 430.
489 3928 616 3985 Numine.
638 3925 846 4002 iureiurando.

402 4025 466 4092 43¹·
478 4023 569 4079 Festa.
588 4025 689 4079 Mense
702 4022 909 4078 Bne'siromisne
921 4022 1140 4080 celebrabantur
1153 4019 1305 4088 Eleusinia,
1318 4039 1394 4100 quae
1405 4035 1433 4078 et
1444 4021 1562 4082 Tecmo·

345 4107 464 4188 phorie3
484 4112 535 4168 sed
553 4116 689 4170 Ennianis
707 4123 826 4188 recepta
844 4111 969 4170 Gereatis
990 4111 1089 4172 dietas
1110 4111 1163 4169 baa
1174 4109 1373 4171 ceiebmtarae
1392 4131 1491 4172 sewen
1512 4133 1563 4172 ao·

346 4204 439 4260 etibus
458 4207 477 4258 ὰ
497 4209 528 4262 V
527 4209 635 4263 enereis
653 4207 816 4264 abstinuere
828 4217 857 4264 et
870 4210 943 4266 vino.
956 4207 1039 4264 Attis
1051 4206 1159 4262 deinde
1181 4205 1301 4262 vestibus
1323 4209 1445 4269 indutae
1462 4217 1493 4264 et
1511 4209 1563 4262 ait·

347 4305 429 4352 tatae
447 4299 650 4370 procedebant.
681 4303 801 4377 Mystae
831 4301 984 4376 lampades
1015 4317 1065 4356 seu
1074 4297 1167 4374 seces
1186 4316 1274 4356 nanu
1284 4298 1448 4375 serebant,
1468 4299 1565 4358 media

345 4389 514 4459 scii.necte;
533 4400 685 4448 matronae
704 4391 783 4448 aliae
805 4395 948 4467 primitias
957 4389 1086 4466 frugum
1106 4387 1284 4466 qfferebant:
1305 4393 1430 4470 virgines
1447 4411 1564 4469 praete·

346 4480 432 4540 debat
451 4481 654 4560 canaepiwrae
672 4487 761 4544 cistas
778 4487 809 4540 in
829 4487 926 4560 eapite
933 4482 1079 4560 ficantes.
