3338 5258
421 357 508 476 396
755 387 937 462 norma
961 382 1124 448 attans

339 509 453 594 Rara
465 535 544 618 per
559 507 726 620 ignotos
743 523 1003 623 spargentem
1021 505 1153 590 cernit
1171 503 1357 588 Achivos
1469 501 1566 590 600

341 620 445 704 Tela
464 619 597 702 Parin
611 648 624 727 3
635 626 863 730 fassusque
879 620 1043 717 Deam,
1068 616 1187 732 Quid
1200 616 1366 726 spicula
1377 616 1540 726 perdis

338 732 555 844 Sanguine
569 734 737 843 plebis?
754 735 842 822 ait.-
859 733 900 816 αἱ
915 761 999 844 qua
1015 748 1077 816 est
1095 733 1173 814 tibi
1188 759 1291 814 cura
1311 745 1477 810 tuorum
1496 795 1509 830 ‚

341 845 507 934 Vertere
524 845 569 928 in
587 845 823 946 AEaciden,
841 873 1066 957 caesosque
1084 844 1284 928 ulciscere
1291 841 1471 950 fratres.

335 957 490 1045 Dicit:
506 974 547 1038 et
564 959 784 1042 ostendens
801 973 1043 1042 sternentem
1064 955 1107 1040 T
1101 972 1192 1042 raia
1202 957 1322 1064 ferro

341 1069 524 1178 Corpora
542 1070 744 1172 Peliden,
762 1100 889 1156 arcas
907 1071 1085 1154 obvertit
1101 1070 1146 1152 in
1164 1070 1309 1176 illnm3
1466 1065 1561 1154 605

342 1180 543 1298 sertaque
561 1182 722 1294 letifera⁴
740 1181 901 1267 direxit
918 1183 1081 1293 spicula
1099 1179 1271 1266 dextra.

341 1295 436 1401 Qua
457 1297 652 1380 Priamus
666 1295 853 1428 gaudere
870 1325 1002 1382 senec
1008 1312 1105 1407 post
1122 1295 1305 1380 Hectora
1313 1311 1475 1402 posset,

339 1407 545 1516 Hocfnit.
563 1408 640 1492 Ille
661 1411 794 1522 igitur
808 1427 1014 1494 tantorum
1032 1409 1163 1492 victor
1179 1406 1374 1510 Achille,

345 1517 537 1606 Vinceris
553 1551 582 1604 a
593 1520 740 1608 timida
760 1519 918 1608 Graiae
934 1537 1096 1632 raptare
1113 1520 1326 1604 maritae?

384 4313 451 4369 6ο6.
460 4311 611 4392 Certnque.
629 4315 687 4392 Qui
700 4317 808 4380 Paridis
818 4313 922 4380 direxit
942 4317 996 4380 tela
1011 4341 1167 4399 manusque
1179 4323 1287 4401 Corpus
1306 4323 1335 4379 in
1349 4326 1483 4385 Aenidae.
1497 4331 1555 4388 Ae·

328 4421 399 4462 neae
413 4405 555 4464 Phoebum
575 4421 712 4484 precatae
724 4415 752 4468 6.
765 4415 884 4472 neme
897 4435 962 4474 enm
981 4421 1113 4491 carparis
1122 4427 1235 4491 partem
1251 4437 1327 4494 quae
1341 4430 1408 4474 erat
1421 4421 1553 4480 vnlnera-

329 4497 402 4570 ntis,
413 4501 581 4562 calcaneum
592 4523 702 4580 nempe,
715 4525 796 4582 quem
802 4508 979 4584 premens
992 4521 1085 4569 meter
1095 4529 1158 4568 eam
1169 4513 1199 4570 in
1213 4516 1320 4591 Stygia
1333 4516 1420 4572 tinxit
1432 4517 1552 4590 palade:
