3350 5268
426 365 507 424 220
755 362 791 423 Ρ.
810 361 938 423 ovtutt
964 360 1132 426 nesoms

338 484 468 567 Invia
486 509 582 567 curn
602 479 792 596 Ptugys
799 485 993 592 faciebat
1011 480 1223 594 Delplu‘ca
1241 481 1446 568 Plautius.

342 593 522 680 Consilii
537 612 674 678 tamen
691 612 789 678 ante
805 595 1124 705 sui‚flclissimn
1137 603 1325 690 ,certam
1419 669 1424 684 .
1456 593 1567 706 ‚415

343 709 543 820 Perfecit,
561 705 785 819 Halcyone
790 747 803 806 ;
821 709 895 790 cui
905 709 1097 818 protinus
1114 710 1264 792 intima
1272 707 1424 823 frigus
1446 751 1450 766 ·

346 820 457 903 Ossa
475 837 733 929 receperunt,
751 823 946 932 brunoque
963 821 1199 904 simillimus
1210 849 1293 906 ‚ura

339 931 488 1018 Pallor
503 936 606 1034 obit,
625 933 907 1046 lacrymisque
920 963 1057 1064 genae
1075 932 1270 1018 maduere
1281 935 1484 1044 prnsusis.

343 1045 428 1128 Ter
442 1062 596 1129 conata
614 1046 748 1156 loqui,
768 1061 830 1127 ter
831 1045 1010 1158 fletibus
1029 1074 1102 1129 ora
1121 1047 1293 1159 rigavit:
1567 1044 1570 1055 ’

342 1157 618 1273 Singultuque
631 1159 730 1266 pias
748 1160 1062 1267 interrumpente
1080 1159 1286 1270 querelas,
1464 1169 1558 1270 420

345 1269 464 1380 Quae
476 1299 566 1351 mea
585 1269 709 1379 culpa
727 1287 858 1356 tuam:
875 1268 1018 1364 dixit,
1036 1271 1274 1366 carissime,
1287 1266 1463 1356 mentem

346 1379 507 1470 Vertit?
526 1383 597 1462 ubi
613 1398 694 1488 est,
717 1412 823 1494 quae
840 1411 943 1466 curn
960 1382 1044 1463 mei
1054 1383 1174 1491 prius
1187 1411 1276 1466 esse
1294 1385 1490 1468 solebat?
1651 1434 1652 1498 Ν

340 1495 438 1580 Jam
451 1511 570 1604 potes
588 1493 811 1604 Halcyone
829 1521 1001 1576 securus
1016 1495 1159 1576 abesse
1177 1495 1337 1578 relicta.
1651 1501 1652 1510 '

339 1605 437 1689 Jam
455 1609 531 1688 via
549 1605 678 1718 longa
692 1606 853 1716 placet,·
861 1606 955 1718 jam
974 1634 1064 1688 sum
1084 1606 1160 1688 tibi
1176 1609 1319 1698 carior
1332 1609 1496 1695 absens.

339 1717 402 1799 At
420 1714 569 1831 (puto)
582 1748 660 1828 per
675 1735 807 1800 terras
824 1719 904 1800 iter
918 1733 998 1812 est,
1017 1733 1256 1832 tantumque
1272 1718 1420 1806 dolebo
1428 1763 1443 1824 ;
1557 1747 1560 1756 ’

342 1829 441 1912 Non
455 1832 581 1912 etiam
600 1847 796 1922 metuam,
814 1859 1017 1942 curaeque
1037 1833 1179 1914 timore
1197 1833 1405 1918 carebunt.
1469 1825 1507 1876 X

338 1943 528 2056 AEquora
545 1973 607 2026 me
625 1956 793 2036 terrent,
812 1955 851 2024 ct
863 1937 986 2053 ponti
1004 1942 1135 2028 tristis
1144 1943 1311 2056 'imagm
1440 1955 1553 2060 '427
