3350 5268
413 365 486 458 170
625 336 628 345 ’
739 370 773 431 1³.
794 365 922 431 ovmn
944 359 1168 435 essone·

325 489 453 576 Nunc
466 489 778 602 praecedentem
796 491 1000 603 sequitur,
1018 518 1131 575 nunc
1143 490 1346 602 praevius
1363 489 1500 572 anteit
1506 512 1523 596 ς

323 601 655 718 Eurydicenque
672 626 789 687 suam
800 603 895 716 lam
912 606 1000 688 tuto
1017 605 1190 714 respicit
1206 603 1407 714 Orpheus.
1474 595 1534 684 66

382 717 481 800 Non
499 720 664 830 impune
683 735 819 800 tamen
837 716 975 798 scelus
993 717 1073 800 Itoc
1090 716 1192 798 sinit
1203 743 1295 798 esse
1311 717 1498 826 Lyaeus,

328 828 579 942 Amissoque
597 829 745 913 dolens
763 857 975 912 sacrorum
994 844 1094 910 vate
1111 829 1278 911 suorum
1297 853 1324 924 ,·

326 941 524 1040 Protinus
541 941 587 1024 in
604 943 718 1025 silvis
737 959 887 1024 matres
907 937 1136 1026 Edonidas
1146 967 1307 1042 omnes,

332 1052 450 1164 Quae
457 1055 600 1162 fecere
612 1055 747 1162 nefas,
767 1059 878 1139 torta
896 1053 1041 1139 radzce
1063 1052 1222 1166 ligavit.
1281 1049 1283 1052 ’
1481 1081 1536 1166 7⁰

332 1165 494 1277 Quippe
506 1164 660 1276 pedum
686 1165 869 1281 digitos,
891 1169 936 1252 in
958 1181 1156 1281 quantum
1180 1191 1369 1282 quaeque
1386 1179 1538 1249 secuta

413 1295 486 1384 est,

330 1389 500 1477 Traxit.-
513 1405 552 1470 et
568 1390 614 1472 in
632 1389 813 1476 solidum
831 1392 1007 1478 detrusit
1025 1389 1217 1476 acumine
1237 1405 1403 1486 terram,
1508 1411 1511 1420 '

333 1501 469 1614 thue
486 1531 605 1584 suum
625 1505 798 1618 laqueis,
818 1537 920 1619 quos
947 1503 1130 1590 callidus
1147 1503 1312 1588 abdidit
1330 1531 1510 1615 auceps,

334 1613 438 1726 Cras
458 1617 529 1697 ubi
544 1620 750 1700 commisit
767 1621 970 1718 volucris,
988 1619 1194 1730 sensitque
1213 1619 1368 1712 teneri,

330 1727 576 1840 Plangitur;
595 1759 651 1814 uc
668 1731 886 1840 trepidans
902 1730 1129 1843 adstringit
1147 1731 1323 1813 vincula
1342 1739 1479 1813 motu:

331 1838 417 1937 Sic,
437 1858 480 1920 ut
500 1871 684 1954 quaeque
701 1847 790 1927 solo
809 1845 961 1954 defixa
983 1845 1220 1929 cohaeserat
1238 1844 1394 1954 tearum,
1484 1841 1543 1956 76

332 1949 561 2036 Esternuta
569 1957 726 2068 fugam
735 1959 902 2067 frustra
922 1960 1118 2055 tentabat;
1136 1973 1181 2038 ut
1199 1955 1317 2039 illurn
1418 1959 1419 1964 ‘

204 2092 209 2103 “
334 2070 470 2152 kanta
488 2082 596 2150 tenet
614 2067 757 2172 radix,
772 2072 1107 2185 exultantemque
1125 2075 1300 2156 coercet}

393 3867 465 3926 Fab.
494 3871 533 3927 11.
557 3869 626 3948 Arg.
657 3863 722 3926 Non
746 3865 860 3946 impune
884 3877 989 3930 tamen.
1017 3857 1152 3932 Thraciae
1182 3871 1315 3930 mulieres
1343 3879 1418 3946 ques
1444 3855 1560 3942 Orphei

337 3959 415 4015 caesi
438 3963 645 4030 intonuerunt,
664 3982 762 4020 omnes
781 3985 796 4020 c
817 3964 928 4024 Boccho
948 3965 1064 4024 caedem
1090 3966 1200 4046 Orphei
1228 3984 1311 4043 aegre
1338 3963 1446 4022 serente
1466 3961 1497 4016 in
1518 3963 1563 4014 ne*-

341 4049 395 4106 ries
415 4054 530 4110 arbores
549 4055 627 4110 suere
648 4073 810 4113 conversae.

397 4148 443 4205 68.
454 4145 612 4203 Sacrorum.
633 4149 727 4204 Sacra
747 4149 843 4204 Liberi
873 4149 973 4204 Patris
992 4149 1124 4225 Orpheus
1147 4150 1257 4222 primus
1285 4145 1400 4205 induxit
1419 4149 1448 4202 in
1476 4149 1564 4202 Grae·

341 4234 426 4302 aiam,
446 4237 554 4294 celebra
560 4241 652 4317 vitque
669 4241 700 4295 tn
721 4249 815 4296 monte
834 4242 970 4296 Boeotiae
984 4240 1165 4296 Cisserusa
1176 4257 1262 4296 sacra
1276 4238 1402 4313 Orphica
1415 4239 1566 4295 nominan-

343 4331 401 4381 tur.
421 4327 593 4384 Lactantius
612 4329 662 4385 tib.
679 4351 703 4386 ι.
720 4339 750 4385 et
769 4329 914 4387 Diodorus
933 4329 980 4386 ut.
996 4351 1020 4386 1.
1081 4348 1085 4358 ‘

399 4421 447 4490 69.
457 4415 609 4478 Edonidas.
631 4420 781 4480 Thracias.
801 4423 921 4480 Edonus
941 4416 1020 4480 mons
1042 4421 1186 4480 Thraciae
1206 4419 1281 4486 Plio.
1299 4421 1321 4481 t.
1340 4428 1370 4496 4.
1387 4439 1453 4498 cap.
1466 4439 1510 4478 ιι.
