3338 5258
362 305 449 393 360
704 324 1071 388 uovmustsosts

275 452 453 537 Pectora
472 451 586 534 celsa
604 449 725 532 toris:
746 465 856 531 totus
869 448 966 556 piae
984 443 1149 560 nigrior
1163 449 1270 530 utra.
1327 545 1330 554 y

277 563 472 648 Candida
491 561 633 648 cauda
652 578 804 660 tamem
822 561 939 644 color
953 577 1015 642 est
1033 586 1194 674 quaque
1212 557 1400 646 erurtZut
1419 563 1491 646 al-

390 679 479 759 bus.
588 701 592 709 '

276 791 444 874 Multae
465 789 581 870 illum
606 790 759 901 peltere
777 789 860 870 suu⁴
880 786 933 870 de
950 803 1075 898 geute
1090 815 1103 898 3
1121 784 1201 871 sed
1216 819 1301 872 una

277 902 464 986 Abstulit
482 902 744 1012 Hylonome:
764 929 848 1008 qua
866 902 983 982 nulla
1002 899 1217 984 decentior
1232 905 1342 987 iuter
1408 900 1495 1012 405

276 1017 498 1125 Semiferos
515 1016 614 1096 altis
633 1015 830 1096 habitavit
839 1016 1034 1121 foemina
1052 1015 1188 1098 silvis.

278 1134 397 1214 Haec
415 1145 453 1210 et
471 1125 707 1228 blanditiis,
728 1143 766 1206 et
785 1125 990 1220 amando,
1010 1143 1048 1208 et
1067 1158 1209 1210 amare
1217 1129 1401 1240 fatendo

280 1246 479 1352 Cyllaron
499 1271 582 1324 una
602 1258 732 1322 leuet:
753 1241 892 1325 cultus
910 1268 1070 1353 quoque
1089 1260 1270 1353 quantus
1288 1246 1334 1326 iu
1352 1245 1442 1329 illis

275 1362 388 1448 Esse
400 1371 534 1472 potest
552 1357 765 1462 membris3
785 1371 829 1436 ut
848 1357 904 1436 sit
922 1383 1042 1437 cuma
1056 1357 1222 1462 pectine
1243 1358 1408 1457 laeuis,-

281 1476 339 1560 Ut
358 1471 479 1556 modo
497 1498 586 1552 rore
604 1470 758 1563 maris,
777 1465 900 1550 modo
919 1499 962 1552 se
982 1469 1145 1552 violave
1164 1472 1307 1556 rosave
1408 1481 1494 1578 410

276 1589 483 1698 Implt'cet,
501 1581 706 1664 interdum
724 1579 952 1664 candentia
970 1580 1063 1662 titia
1078 1599 1234 1693 gestet3

276 1703 430 1813 Bisque
447 1695 516 1780 die
535 1695 665 1805 lupsis
684 1693 933 1806 Pagasaeae
952 1696 1100 1780 tertiee
1118 1695 1258 1778 silvae

276 1813 480 1898 Fontibus
497 1837 570 1894 ora
587 1809 720 1896 lauet:
739 1809 803 1890 tis
806 1807 992 1922 flumine
1010 1835 1186 1919 corpora
1205 1811 1356 1924 tingat.

341 4416 404 4487 4¹⁰·
425 4413 498 4470 Rure
519 4410 610 4470 maris.
634 4417 708 4472 Rure
727 4415 854 4482 marina,
875 4411 963 4471 herba
981 4415 1077 4472 suavis
1095 4410 1203 4472 uteru.
