3350 5268
322 274 396 376 178
633 292 669 350 r.
697 285 822 348 ovum
848 277 1013 342 ussoms

126 423 129 446 ¹
232 422 343 502 Tum
361 447 465 510 vero,
483 413 575 495 siue
593 408 664 492 itte
681 409 764 489 sua'
781 400 968 487 Cerealia
986 393 1143 478 dextra

228 531 412 616 Munera
424 517 677 636 contigerat,
699 515 886 604 Cerealia
904 511 1018 594 dana
1035 507 1238 620 rigebant.
1305 509 1312 524 '

228 645 330 726 Siue
348 641 476 756 dapes
494 635 627 720 auido
645 631 869 717 convellere
886 625 1008 708 deute
1020 623 1219 734 parabat,

227 756 407 838 Lamina
416 753 540 864 fulua
561 748 690 858 dapes
708 742 876 826 admoto
894 737 1015 821 dente
1034 735 1231 818 nitebant.

226 868 465 952 Miscuerat
477 865 596 974 puris
615 873 823 977 auctorem
843 851 1023 959 muneris
1042 845 1180 947 undis,
1355 833 1433 923 125

225 980 373 1068 Fusile
387 1008 465 1092 per
479 978 610 1060 rictus
623 999 771 1056 aurum
777 968 956 1090 fluitare
974 957 1152 1044 uideres.

226 1093 447 1176 Attonitus
465 1091 642 1174 nouitate
660 1085 774 1180 mali,
792 1078 998 1188 divesque,
1017 1075 1219 1182 miserque
1322 1179 1330 1198 ι

225 1203 271 1290 E
273 1201 319 1316 ff
311 1233 436 1317 ugare
453 1217 568 1312 optat
586 1227 696 1310 opas:
715 1213 770 1291 et,
790 1223 895 1306 quae
914 1185 1037 1271 modo
1054 1197 1236 1273 uouerat,
1255 1174 1358 1262 odat.

228 1303 360 1427 Copia
378 1315 496 1396 nulla
504 1315 663 1422 famem
682 1308 848 1394 relevat:
865 1303 960 1387 sitis
977 1297 1105 1382 arida
1120 1311 1268 1410 guttur

229 1429 351 1536 Urit,
372 1446 411 1509 et
430 1429 561 1510 inviso
581 1425 750 1508 meritus
768 1431 978 1530 torquetur
993 1414 1046 1496 ab
1064 1438 1179 1493 auro.
1354 1403 1429 1490 130

227 1539 307 1624 Ad
322 1541 560 1649 coelumque
578 1564 739 1634 manus,
758 1550 798 1616 et
815 1524 1038 1641 splendida
1051 1521 1223 1606 brachia
1241 1517 1403 1613 tollens,

225 1652 300 1736 Da
319 1653 501 1750 ueniam,
520 1650 683 1732 Lenaee
696 1663 828 1758 pater,
841 1640 1118 1753 peccavimus,
1136 1633 1290 1746 iuquit:

224 1763 312 1849 Sed
326 1767 527 1865 miserere,
541 1790 701 1878 precor,
720 1757 984 1869 speciosoque
1002 1750 1111 1861 eripe
1128 1744 1295 1830 damno.

225 1877 335 1971 Miu
354 1875 491 1964 Deam
509 1904 658 1963 neeman
676 1869 871 1963 Bacchus
884 1891 1083 1986 peccasse
1090 1862 1298 1974 fatentem

276 3617 337 3672 ηδ.
357 3617 510 3672 Auctorem
531 3613 694 3686 Bacchum,
713 3617 816 3673 vinum.

276 3725 337 3777 ¹²7·
362 3707 510 3780 Miserque.
539 3707 616 3778 Quia
636 3725 710 3762 auro
719 3705 791 3781 frui
814 3723 871 3761 nan
895 3711 1021 3779 poterat.
1045 3702 1199 3782 Divosque.
1229 3706 1313 3762 Dicet
1337 3706 1435 3781 utique

213 3805 278 3852 erat
298 3797 408 3852 Midas:
428 3799 479 3852 sed
497 3815 614 3866 avarum
627 3799 674 3852 cui
694 3807 754 3852 tam
773 3797 876 3853 deerat
895 3794 973 3874 quod
991 3796 1092 3854 habuit
1111 3816 1198 3874 quam
1218 3796 1295 3874 quad
1313 3816 1368 3853 nan
1381 3797 1432 3852 ha·

215 3887 284 3941 buit.
313 3889 433 3942 Tantali
452 3889 546 3942 instar
564 3896 700 3962 congesta
730 3905 843 3961 pauper
862 3888 891 3940 in
911 3905 1008 3952 auro,
1028 3905 1155 3945 necnon
1186 3887 1309 3942 habendi
1326 3887 1432 3962 fructu

203 3977 307 4052 fetis,
326 3989 355 4033 et
380 3977 543 4053 cupiditate
576 3977 733 4054 quaerendi
764 3981 962 4049 ruiserrimus3
991 3977 1077 4036 foelix
1107 3993 1191 4054 etqua
1225 3978 1330 4045 miser,
1354 3978 1434 4037 dives

212 4072 350 4146 inopsque
370 4069 463 4127 simul.
483 4073 559 4146 Lege
577 4070 658 4148 apud
682 4061 888 4138 Plutarchum,
909 4069 957 4126 tat.
976 4069 1014 4126 de
1033 4073 1181 4126 virtutibus
1201 4069 1368 4136 mulierum,
1387 4090 1433 4128 so·

207 4161 324 4222 ,tertiam
344 4161 443 4215 uxoris
462 4161 613 4234 cujusdam
632 4161 766 4235 Pytna,
785 4163 832 4216 aui
849 4164 881 4215 in
899 4159 1074 4236 aurifodinis
1095 4163 1149 4214 toti
1174 4168 1318 4225 occupata
1346 4179 1434 4234 appo·

212 4262 269 4306 suet
288 4269 379 4324 panes
391 4260 420 4305 et
440 4251 515 4306 aibas
534 4271 657 4316 aureos,
676 4253 807 4327 adeoque
825 4251 955 4308 avocavit
974 4271 995 4306 a
1014 4249 1139 4308 metaliis
1153 4249 1194 4305 ad
1212 4249 1434 4326 agriculturam

273 4347 336 4402 πᾶα.
363 4344 475 4398 Lenaeo
495 4355 583 4418 puter.
604 4343 723 4398 Bacche.
