<?xml version="1.0" encoding="UTF-8"?>
<!DOCTYPE html PUBLIC "-//W3C//DTD XHTML 1.0 Transitional//EN"
    "http://www.w3.org/TR/xhtml1/DTD/xhtml1-transitional.dtd">
<html xmlns="http://www.w3.org/1999/xhtml" xml:lang="en" lang="en">
 <head>
  <title>
</title>
<meta http-equiv="Content-Type" content="text/html;charset=utf-8" />
  <meta name='ocr-system' content='tesseract 3.04.00' />
  <meta name='ocr-capabilities' content='ocr_page ocr_carea ocr_par ocr_line ocrx_word'/>
</head>
<body>
  <div class='ocr_page' id='page_1' title='image "./povidiinasonism01angugoog_0378.png"; bbox 0 0 3338 5258; ppageno 0'>
   <div class='ocr_carea' id='block_1_1' title="bbox 465 351 1165 444">
    <p class='ocr_par' dir='ltr' id='par_1_1' title="bbox 465 351 1165 444">
     <span class='ocr_line' id='line_1_1' title="bbox 465 351 1165 444; baseline -0.003 -2"><span class='ocrx_word' id='word_1_1' title='bbox 465 351 550 442; x_wconf 80' lang='lat'><em>336</em></span> <span class='ocrx_word' id='word_1_2' title='bbox 803 371 1165 444; x_wconf 73' lang='lat' dir='ltr'><em>normumsoms</em></span> 
     </span>
    </p>
   </div>
   <div class='ocr_carea' id='block_1_2' title="bbox 361 496 1590 1738">
    <p class='ocr_par' dir='ltr' id='par_1_2' title="bbox 374 496 1590 1064">
     <span class='ocr_line' id='line_1_2' title="bbox 376 496 1384 609; baseline -0.002 -23"><span class='ocrx_word' id='word_1_3' title='bbox 376 501 607 586; x_wconf 74' lang='lat' dir='ltr'><em>Pruainuas</em></span> <span class='ocrx_word' id='word_1_4' title='bbox 624 513 670 584; x_wconf 91' lang='lat' dir='ltr'><em>ut</em></span> <span class='ocrx_word' id='word_1_5' title='bbox 685 513 872 600; x_wconf 87' lang='lat' dir='ltr'><em>steterat,</em></span> <span class='ocrx_word' id='word_1_6' title='bbox 889 515 1082 609; x_wconf 87' lang='lat' dir='ltr'><em>spectans</em></span> <span class='ocrx_word' id='word_1_7' title='bbox 1100 498 1255 583; x_wconf 82' lang='lat' dir='ltr'><em>altaria</em></span> <span class='ocrx_word' id='word_1_8' title='bbox 1272 496 1384 584; x_wconf 79' lang='lat' dir='ltr'><em>uulu</em></span> 
     </span>
     <span class='ocr_line' id='line_1_3' title="bbox 375 609 1421 714; baseline -0.008 -14"><span class='ocrx_word' id='word_1_9' title='bbox 375 609 560 700; x_wconf 83' lang='lat' dir='ltr'><em>Fumida</em></span> <span class='ocrx_word' id='word_1_10' title='bbox 578 611 776 706; x_wconf 88' lang='lat' dir='ltr'><em>terribili,</em></span> <span class='ocrx_word' id='word_1_11' title='bbox 794 641 872 695; x_wconf 88' lang='lat' dir='ltr'><em>cur</em></span> <span class='ocrx_word' id='word_1_12' title='bbox 886 637 996 714; x_wconf 89' lang='lat' dir='ltr'><em>non,</em></span> <span class='ocrx_word' id='word_1_13' title='bbox 1015 611 1104 712; x_wconf 86' lang='lat' dir='ltr'><em>ait,</em></span> <span class='ocrx_word' id='word_1_14' title='bbox 1124 611 1277 696; x_wconf 86' lang='lat' dir='ltr'><em>utimur</em></span> <span class='ocrx_word' id='word_1_15' title='bbox 1294 609 1421 694; x_wconf 81' lang='lat' dir='ltr'><em>istis?</em></span> 
     </span>
     <span class='ocr_line' id='line_1_4' title="bbox 378 718 1590 920; baseline -0.006 -107"><span class='ocrx_word' id='word_1_16' title='bbox 378 727 561 836; x_wconf 80' lang='lat' dir='ltr'><em>Cumque</em></span> <span class='ocrx_word' id='word_1_17' title='bbox 577 727 666 810; x_wconf 85' lang='lat' dir='ltr'><em>suis</em></span> <span class='ocrx_word' id='word_1_18' title='bbox 687 723 875 920; x_wconf 52' lang='lat' dir='ltr'><em>Cyrnus</em></span> <span class='ocrx_word' id='word_1_19' title='bbox 899 725 1119 807; x_wconf 88' lang='lat' dir='ltr'><em>immanem</em></span> <span class='ocrx_word' id='word_1_20' title='bbox 1135 725 1305 808; x_wconf 75' lang='lat' dir='ltr'><em>sustulit</em></span> <span class='ocrx_word' id='word_1_21' title='bbox 1322 749 1438 805; x_wconf 88' lang='lat' dir='ltr'><em>aram</em></span> <span class='ocrx_word' id='word_1_22' title='bbox 1499 718 1590 806; x_wconf 85' lang='lat'><em>260</em></span> 
     </span>
     <span class='ocr_line' id='line_1_5' title="bbox 374 836 1496 950; baseline -0.006 -27"><span class='ocrx_word' id='word_1_23' title='bbox 374 839 575 950; x_wconf 72' lang='lat' dir='ltr'><em>Ignibus,</em></span> <span class='ocrx_word' id='word_1_24' title='bbox 593 855 633 920; x_wconf 91' lang='lat' dir='ltr'><em>et</em></span> <span class='ocrx_word' id='word_1_25' title='bbox 651 867 713 920; x_wconf 86' lang='lat' dir='ltr'><em>me</em></span> <span class='ocrx_word' id='word_1_26' title='bbox 744 839 828 920; x_wconf 90' lang='lat' dir='ltr'><em>ium</em></span> <span class='ocrx_word' id='word_1_27' title='bbox 846 836 1118 948; x_wconf 77' lang='lat' dir='ltr'><em>Lapitharum</em></span> <span class='ocrx_word' id='word_1_28' title='bbox 1148 837 1236 920; x_wconf 86' lang='lat' dir='ltr'><em>&#39;ecit</em></span> <span class='ocrx_word' id='word_1_29' title='bbox 1253 839 1298 920; x_wconf 90' lang='lat' dir='ltr'><em>in</em></span> <span class='ocrx_word' id='word_1_30' title='bbox 1317 861 1468 950; x_wconf 77' lang='lat' dir='ltr'><em>agmen</em></span> <span class='ocrx_word' id='word_1_31' title='bbox 1483 866 1496 943; x_wconf 85' lang='lat'>3</span> 
     </span>
     <span class='ocr_line' id='line_1_6' title="bbox 374 869 1382 1064; baseline -0.003 -28"><span class='ocrx_word' id='word_1_32' title='bbox 374 929 671 1064; x_wconf 81' lang='lat' dir='ltr'><em>Depressitque</em></span> <span class='ocrx_word' id='word_1_33' title='bbox 688 949 819 1044; x_wconf 87' lang='lat' dir='ltr'><em>duos,</em></span> <span class='ocrx_word' id='word_1_34' title='bbox 838 949 1038 1052; x_wconf 88' lang='lat' dir='ltr'><em>Brotean,</em></span> <span class='ocrx_word' id='word_1_35' title='bbox 1057 965 1096 1034; x_wconf 87' lang='lat' dir='ltr'><em>et</em></span> <span class='ocrx_word' id='word_1_36' title='bbox 1116 869 1259 1035; x_wconf 69' lang='lat' dir='ltr'><em>bnon.</em></span> <span class='ocrx_word' id='word_1_37' title='bbox 1280 949 1382 1033; x_wconf 84' lang='lat' dir='ltr'><em>Oria</em></span> 
     </span>
    </p>

    <p class='ocr_par' dir='ltr' id='par_1_3' title="bbox 374 1057 1439 1288">
     <span class='ocr_line' id='line_1_7' title="bbox 374 1057 1439 1175; baseline -0.006 -23"><span class='ocrx_word' id='word_1_38' title='bbox 374 1067 520 1152; x_wconf 83' lang='lat' dir='ltr'><em>Mater</em></span> <span class='ocrx_word' id='word_1_39' title='bbox 533 1081 621 1146; x_wconf 84' lang='lat' dir='ltr'><em>erut</em></span> <span class='ocrx_word' id='word_1_40' title='bbox 639 1062 836 1174; x_wconf 81' lang='lat' dir='ltr'><em>Mycale:</em></span> <span class='ocrx_word' id='word_1_41' title='bbox 857 1091 979 1175; x_wconf 85' lang='lat' dir='ltr'><em>quam</em></span> <span class='ocrx_word' id='word_1_42' title='bbox 1000 1057 1231 1146; x_wconf 70' lang='lat' dir='ltr'><em>deduxisse</em></span> <span class='ocrx_word' id='word_1_43' title='bbox 1248 1059 1439 1146; x_wconf 87' lang='lat' dir='ltr'><em>canenda</em></span> 
     </span>
     <span class='ocr_line' id='line_1_8' title="bbox 374 1176 1345 1288; baseline -0.004 -26"><span class='ocrx_word' id='word_1_44' title='bbox 374 1177 507 1288; x_wconf 81' lang='lat' dir='ltr'><em>Saepe</em></span> <span class='ocrx_word' id='word_1_45' title='bbox 528 1177 753 1260; x_wconf 82' lang='lat' dir='ltr'><em>reluctanti</em></span> <span class='ocrx_word' id='word_1_46' title='bbox 771 1177 991 1260; x_wconf 83' lang='lat' dir='ltr'><em>constabat</em></span> <span class='ocrx_word' id='word_1_47' title='bbox 1008 1195 1169 1260; x_wconf 85' lang='lat' dir='ltr'><em>cornua</em></span> <span class='ocrx_word' id='word_1_48' title='bbox 1187 1176 1345 1258; x_wconf 92' lang='lat' dir='ltr'><em>Lunae.</em></span> 
     </span>
    </p>

    <p class='ocr_par' dir='ltr' id='par_1_4' title="bbox 372 1285 1582 1622">
     <span class='ocr_line' id='line_1_9' title="bbox 373 1285 1582 1400; baseline -0.002 -26"><span class='ocrx_word' id='word_1_49' title='bbox 373 1287 473 1374; x_wconf 86' lang='lat' dir='ltr'><em>Non</em></span> <span class='ocrx_word' id='word_1_50' title='bbox 491 1289 655 1399; x_wconf 78' lang='lat' dir='ltr'><em>impune</em></span> <span class='ocrx_word' id='word_1_51' title='bbox 664 1289 805 1396; x_wconf 85' lang='lat' dir='ltr'><em>feres,</em></span> <span class='ocrx_word' id='word_1_52' title='bbox 825 1287 902 1370; x_wconf 90' lang='lat' dir='ltr'><em>teli</em></span> <span class='ocrx_word' id='word_1_53' title='bbox 915 1285 1038 1372; x_wconf 85' lang='lat' dir='ltr'><em>modo</em></span> <span class='ocrx_word' id='word_1_54' title='bbox 1057 1289 1180 1400; x_wconf 88' lang='lat' dir='ltr'><em>copia</em></span> <span class='ocrx_word' id='word_1_55' title='bbox 1197 1285 1341 1387; x_wconf 65' lang='lat' dir='ltr'><em>detur}</em></span> <span class='ocrx_word' id='word_1_56' title='bbox 1494 1285 1582 1374; x_wconf 80' lang='lat'><em>265</em></span> 
     </span>
     <span class='ocr_line' id='line_1_10' title="bbox 372 1397 1457 1513; baseline -0.001 -28"><span class='ocrx_word' id='word_1_57' title='bbox 372 1397 561 1485; x_wconf 72' lang='lat' dir='ltr'><em>Dixerat</em></span> <span class='ocrx_word' id='word_1_58' title='bbox 578 1399 811 1500; x_wconf 76' lang='lat' dir='ltr'><em>Exadius3</em></span> <span class='ocrx_word' id='word_1_59' title='bbox 828 1400 978 1513; x_wconf 85' lang='lat' dir='ltr'><em>telique</em></span> <span class='ocrx_word' id='word_1_60' title='bbox 995 1399 1117 1482; x_wconf 82' lang='lat' dir='ltr'><em>babet</em></span> <span class='ocrx_word' id='word_1_61' title='bbox 1133 1403 1279 1494; x_wconf 90' lang='lat' dir='ltr'><em>instar,</em></span> <span class='ocrx_word' id='word_1_62' title='bbox 1297 1397 1457 1484; x_wconf 84' lang='lat' dir='ltr'><em>inaltd</em></span> 
     </span>
     <span class='ocr_line' id='line_1_11' title="bbox 380 1511 1283 1622; baseline 0 -26"><span class='ocrx_word' id='word_1_63' title='bbox 380 1513 499 1622; x_wconf 84' lang='lat' dir='ltr'><em>Quae</em></span> <span class='ocrx_word' id='word_1_64' title='bbox 506 1513 682 1622; x_wconf 88' lang='lat' dir='ltr'><em>fuerant</em></span> <span class='ocrx_word' id='word_1_65' title='bbox 726 1511 827 1606; x_wconf 88' lang='lat' dir='ltr'><em>inu,</em></span> <span class='ocrx_word' id='word_1_66' title='bbox 845 1513 971 1598; x_wconf 80' lang='lat' dir='ltr'><em>votivi</em></span> <span class='ocrx_word' id='word_1_67' title='bbox 985 1539 1144 1596; x_wconf 85' lang='lat' dir='ltr'><em>cornua</em></span> <span class='ocrx_word' id='word_1_68' title='bbox 1161 1513 1283 1600; x_wconf 78' lang='lat' dir='ltr'><em>aemi.</em></span> 
     </span>
    </p>

    <p class='ocr_par' dir='ltr' id='par_1_5' title="bbox 361 1541 1452 1738">
     <span class='ocr_line' id='line_1_12' title="bbox 361 1541 1452 1738; baseline -0.002 -28"><span class='ocrx_word' id='word_1_69' title='bbox 361 1623 546 1738; x_wconf 79' lang='lat' dir='ltr'><em>,Figitur</em></span> <span class='ocrx_word' id='word_1_70' title='bbox 559 1625 658 1709; x_wconf 82' lang='lat' dir='ltr'><em>lsuic</em></span> <span class='ocrx_word' id='word_1_71' title='bbox 675 1541 840 1735; x_wconf 75' lang='lat' dir='ltr'><em>rlbplici</em></span> <span class='ocrx_word' id='word_1_72' title='bbox 856 1621 1053 1736; x_wconf 80' lang='lat' dir='ltr'><em>Gryneus</em></span> <span class='ocrx_word' id='word_1_73' title='bbox 1071 1625 1117 1708; x_wconf 88' lang='lat' dir='ltr'><em>in</em></span> <span class='ocrx_word' id='word_1_74' title='bbox 1135 1621 1293 1708; x_wconf 71' lang='lat' dir='ltr'><em>hemina</em></span> <span class='ocrx_word' id='word_1_75' title='bbox 1310 1646 1452 1720; x_wconf 83' lang='lat' dir='ltr'><em>mmo,</em></span> 
     </span>
    </p>
   </div>
   <div class='ocr_carea' id='block_1_3' title="bbox 370 1734 1515 1851">
    <p class='ocr_par' dir='ltr' id='par_1_6' title="bbox 370 1734 1515 1851">
     <span class='ocr_line' id='line_1_13' title="bbox 370 1734 1515 1851; baseline 0.002 -27"><span class='ocrx_word' id='word_1_76' title='bbox 370 1734 628 1851; x_wconf 81' lang='lat' dir='ltr'><em>Eruiturque</em></span> <span class='ocrx_word' id='word_1_77' title='bbox 646 1737 815 1840; x_wconf 74' lang='lat' dir='ltr'><em>oculas,</em></span> <span class='ocrx_word' id='word_1_78' title='bbox 833 1759 1004 1850; x_wconf 74' lang='lat' dir='ltr'><em>quonam</em></span> <span class='ocrx_word' id='word_1_79' title='bbox 1016 1761 1119 1850; x_wconf 87' lang='lat' dir='ltr'><em>pars</em></span> <span class='ocrx_word' id='word_1_80' title='bbox 1136 1739 1331 1824; x_wconf 73' lang='lat' dir='ltr'><em>cornibus</em></span> <span class='ocrx_word' id='word_1_81' title='bbox 1343 1735 1515 1826; x_wconf 75' lang='lat' dir='ltr'><em>bueus.-</em></span> 
     </span>
    </p>
   </div>
   <div class='ocr_carea' id='block_1_4' title="bbox 364 3918 1583 4538">
    <p class='ocr_par' dir='ltr' id='par_1_7' title="bbox 364 3918 1583 4538">
     <span class='ocr_line' id='line_1_14' title="bbox 422 3918 1583 4007; baseline 0.009 -34"><span class='ocrx_word' id='word_1_82' title='bbox 422 3920 487 3976; x_wconf 70' lang='lat' dir='ltr'><em>ees.</em></span> <span class='ocrx_word' id='word_1_83' title='bbox 506 3918 609 3991; x_wconf 74' lang='lat' dir='ltr'><em>Quem.</em></span> <span class='ocrx_word' id='word_1_84' title='bbox 627 3921 738 3976; x_wconf 80' lang='lat' dir='ltr'><em>Lunam</em></span> <span class='ocrx_word' id='word_1_85' title='bbox 755 3919 931 3996; x_wconf 65' lang='lat' dir='ltr'><em>dejicientem</em></span> <span class='ocrx_word' id='word_1_86' title='bbox 950 3923 1085 3984; x_wconf 76' lang='lat' dir='ltr'><em>credebat</em></span> <span class='ocrx_word' id='word_1_87' title='bbox 1104 3925 1172 3986; x_wconf 87' lang='lat' dir='ltr'><em>elim</em></span> <span class='ocrx_word' id='word_1_88' title='bbox 1192 3929 1294 4007; x_wconf 74' lang='lat' dir='ltr'><em>uulgus</em></span> <span class='ocrx_word' id='word_1_89' title='bbox 1312 3927 1330 3984; x_wconf 78' lang='lat' dir='ltr'><em>l</em></span> <span class='ocrx_word' id='word_1_90' title='bbox 1349 3927 1430 3987; x_wconf 85' lang='lat' dir='ltr'><em>caela</em></span> <span class='ocrx_word' id='word_1_91' title='bbox 1449 3927 1583 3987; x_wconf 74' lang='lat' dir='ltr'><em>devocari</em></span> 
     </span>
     <span class='ocr_line' id='line_1_15' title="bbox 365 4011 1581 4099; baseline 0.01 -35"><span class='ocrx_word' id='word_1_92' title='bbox 365 4011 538 4068; x_wconf 78' lang='lat' dir='ltr'><em>carminibus</em></span> <span class='ocrx_word' id='word_1_93' title='bbox 555 4015 689 4089; x_wconf 70' lang='lat' dir='ltr'><em>magici55</em></span> <span class='ocrx_word' id='word_1_94' title='bbox 703 4013 767 4070; x_wconf 77' lang='lat' dir='ltr'><em>vicie</em></span> <span class='ocrx_word' id='word_1_95' title='bbox 786 4035 860 4092; x_wconf 85' lang='lat' dir='ltr'><em>quae</em></span> <span class='ocrx_word' id='word_1_96' title='bbox 874 4015 915 4074; x_wconf 81' lang='lat' dir='ltr'><em>ad</em></span> <span class='ocrx_word' id='word_1_97' title='bbox 933 4037 1008 4075; x_wconf 79' lang='lat' dir='ltr'><em>vers.</em></span> <span class='ocrx_word' id='word_1_98' title='bbox 1031 4021 1096 4077; x_wconf 77' lang='lat'><em>³³³.</em></span> <span class='ocrx_word' id='word_1_99' title='bbox 1118 4021 1165 4078; x_wconf 89' lang='lat' dir='ltr'><em>lib.</em></span> <span class='ocrx_word' id='word_1_100' title='bbox 1180 4025 1207 4094; x_wconf 71' lang='grc'><em>4.</em></span> <span class='ocrx_word' id='word_1_101' title='bbox 1220 4030 1249 4077; x_wconf 87' lang='lat' dir='ltr'><em>et</em></span> <span class='ocrx_word' id='word_1_102' title='bbox 1268 4025 1298 4082; x_wconf 83' lang='lat' dir='ltr'><em>V</em></span> <span class='ocrx_word' id='word_1_103' title='bbox 1298 4026 1354 4099; x_wconf 77' lang='lat' dir='ltr'><em>irg.</em></span> <span class='ocrx_word' id='word_1_104' title='bbox 1367 4027 1395 4078; x_wconf 80' lang='lat'><em>8.</em></span> <span class='ocrx_word' id='word_1_105' title='bbox 1414 4023 1505 4098; x_wconf 80' lang='lat' dir='ltr'><em>eclog.</em></span> <span class='ocrx_word' id='word_1_106' title='bbox 1518 4023 1581 4080; x_wconf 75' lang='lat' dir='ltr'><em>Car·</em></span> 
     </span>
     <span class='ocr_line' id='line_1_16' title="bbox 364 4099 1581 4192; baseline 0.012 -36"><span class='ocrx_word' id='word_1_107' title='bbox 364 4099 441 4156; x_wconf 77' lang='lat' dir='ltr'><em>minc</em></span> <span class='ocrx_word' id='word_1_108' title='bbox 454 4101 499 4159; x_wconf 74' lang='lat' dir='ltr'><em>sel</em></span> <span class='ocrx_word' id='word_1_109' title='bbox 519 4101 600 4162; x_wconf 82' lang='lat' dir='ltr'><em>caelu</em></span> <span class='ocrx_word' id='word_1_110' title='bbox 621 4118 738 4184; x_wconf 80' lang='lat' dir='ltr'><em>possunt</em></span> <span class='ocrx_word' id='word_1_111' title='bbox 758 4103 900 4166; x_wconf 83' lang='lat' dir='ltr'><em>deducere</em></span> <span class='ocrx_word' id='word_1_112' title='bbox 917 4109 1038 4170; x_wconf 80' lang='lat' dir='ltr'><em>Lunam.</em></span> <span class='ocrx_word' id='word_1_113' title='bbox 1063 4113 1214 4171; x_wconf 76' lang='lat' dir='ltr'><em>Thessalia</em></span> <span class='ocrx_word' id='word_1_114' title='bbox 1233 4123 1331 4172; x_wconf 81' lang='lat' dir='ltr'><em>autem</em></span> <span class='ocrx_word' id='word_1_115' title='bbox 1350 4115 1492 4190; x_wconf 79' lang='lat' dir='ltr'><em>veneficiis</em></span> <span class='ocrx_word' id='word_1_116' title='bbox 1511 4115 1581 4192; x_wconf 77' lang='lat' dir='ltr'><em>inja-</em></span> 
     </span>
     <span class='ocr_line' id='line_1_17' title="bbox 366 4191 515 4249; baseline 0.034 -5"><span class='ocrx_word' id='word_1_117' title='bbox 366 4191 419 4246; x_wconf 86' lang='lat' dir='ltr'><em>mis</em></span> <span class='ocrx_word' id='word_1_118' title='bbox 439 4200 515 4249; x_wconf 86' lang='lat' dir='ltr'><em>erat.</em></span> 
     </span>
     <span class='ocr_line' id='line_1_18' title="bbox 384 4283 1580 4378; baseline 0.013 -43"><span class='ocrx_word' id='word_1_119' title='bbox 384 4367 390 4378; x_wconf 38' lang='grc' dir='ltr'>Ι</span> <span class='ocrx_word' id='word_1_120' title='bbox 424 4284 487 4352; x_wconf 78' lang='lat'><em>267.</em></span> <span class='ocrx_word' id='word_1_121' title='bbox 506 4283 584 4354; x_wconf 82' lang='lat' dir='ltr'><em>Quae</em></span> <span class='ocrx_word' id='word_1_122' title='bbox 604 4283 726 4344; x_wconf 79' lang='lat' dir='ltr'><em>inemnt.</em></span> <span class='ocrx_word' id='word_1_123' title='bbox 746 4289 859 4367; x_wconf 75' lang='lat' dir='ltr'><em>Eclaga</em></span> <span class='ocrx_word' id='word_1_124' title='bbox 874 4311 899 4364; x_wconf 77' lang='lat'><em>7.</em></span> <span class='ocrx_word' id='word_1_125' title='bbox 921 4295 952 4350; x_wconf 85' lang='lat' dir='ltr'><em>V</em></span> <span class='ocrx_word' id='word_1_126' title='bbox 951 4295 1005 4370; x_wconf 71' lang='lat' dir='ltr'><em>irg.</em></span> <span class='ocrx_word' id='word_1_127' title='bbox 1017 4294 1133 4350; x_wconf 82' lang='lat' dir='ltr'><em>Dianae</em></span> <span class='ocrx_word' id='word_1_128' title='bbox 1152 4307 1237 4352; x_wconf 77' lang='lat' dir='ltr'><em>voret</em></span> <span class='ocrx_word' id='word_1_129' title='bbox 1257 4315 1363 4354; x_wconf 76' lang='lat' dir='ltr'><em>ramosa</em></span> <span class='ocrx_word' id='word_1_130' title='bbox 1384 4297 1492 4371; x_wconf 72' lang='lat' dir='ltr'><em>Myron</em></span> <span class='ocrx_word' id='word_1_131' title='bbox 1515 4297 1580 4352; x_wconf 74' lang='lat' dir='ltr'><em>viss·</em></span> 
     </span>
     <span class='ocr_line' id='line_1_19' title="bbox 365 4377 1582 4465; baseline 0.016 -39"><span class='ocrx_word' id='word_1_132' title='bbox 365 4387 406 4426; x_wconf 87' lang='lat' dir='ltr'><em>cu</em></span> <span class='ocrx_word' id='word_1_133' title='bbox 425 4387 531 4430; x_wconf 79' lang='lat' dir='ltr'><em>cornua</em></span> <span class='ocrx_word' id='word_1_134' title='bbox 552 4377 648 4444; x_wconf 71' lang='lat' dir='ltr'><em>cessi5</em></span> <span class='ocrx_word' id='word_1_135' title='bbox 667 4383 798 4438; x_wconf 81' lang='lat' dir='ltr'><em>carnibus</em></span> <span class='ocrx_word' id='word_1_136' title='bbox 817 4385 917 4460; x_wconf 82' lang='lat' dir='ltr'><em>itaque</em></span> <span class='ocrx_word' id='word_1_137' title='bbox 933 4387 1059 4461; x_wconf 82' lang='lat' dir='ltr'><em>pinu,in</em></span> <span class='ocrx_word' id='word_1_138' title='bbox 1081 4403 1138 4462; x_wconf 76' lang='lat' dir='ltr'><em>qua</em></span> <span class='ocrx_word' id='word_1_139' title='bbox 1149 4386 1319 4465; x_wconf 72' lang='lat' dir='ltr'><em>figebantur</em></span> <span class='ocrx_word' id='word_1_140' title='bbox 1339 4392 1437 4445; x_wconf 81' lang='lat' dir='ltr'><em>retica</em></span> <span class='ocrx_word' id='word_1_141' title='bbox 1458 4395 1582 4458; x_wconf 81' lang='lat' dir='ltr'><em>Dianae,</em></span> 
     </span>
     <span class='ocr_line' id='line_1_20' title="bbox 366 4459 1173 4538; baseline 0.024 -22"><span class='ocrx_word' id='word_1_142' title='bbox 366 4459 486 4538; x_wconf 79' lang='lat' dir='ltr'><em>direptis</em></span> <span class='ocrx_word' id='word_1_143' title='bbox 504 4465 661 4525; x_wconf 76' lang='lat' dir='ltr'><em>subitorum</em></span> <span class='ocrx_word' id='word_1_144' title='bbox 680 4474 739 4527; x_wconf 81' lang='lat' dir='ltr'><em>vice</em></span> <span class='ocrx_word' id='word_1_145' title='bbox 757 4492 903 4530; x_wconf 86' lang='lat' dir='ltr'><em>armerum</em></span> <span class='ocrx_word' id='word_1_146' title='bbox 922 4479 1014 4534; x_wconf 85' lang='lat' dir='ltr'><em>utitur</em></span> <span class='ocrx_word' id='word_1_147' title='bbox 1032 4477 1173 4535; x_wconf 75' lang='lat' dir='ltr'><em>Exadius.</em></span> 
     </span>
    </p>
   </div>
   <div class='ocr_carea' id='block_1_5' title="bbox 0 0 1674 5258">
    <p class='ocr_par' dir='ltr' id='par_1_8' title="bbox 0 0 1674 5258">
     <span class='ocr_line' id='line_1_21' title="bbox 0 0 1674 5258; baseline 0 5"><span class='ocrx_word' id='word_1_148' title='bbox 0 0 1674 5258; x_wconf 95' lang='lat' dir='ltr'><em> </em></span> 
     </span>
    </p>
   </div>
  </div>
 </body>
</html>
