3314 5264
446 425 471 482 2

522 555 526 562 ’
615 571 669 672 Ρ.
731 565 953 677 ovrnu
1014 566 1318 676 Nasutus

488 786 1442 937 METAMORPHOSEON

663 1028 873 1114 LIBER
906 1029 1243 1118 DECIMUS.

811 1247 1116 1320 Srrtot’sls.

324 1475 562 1682 Orpheus
580 1568 714 1652 Ineros
733 1563 853 1678 petit.-
879 1563 1021 1672 recipit
1047 1569 1257 1678 conjugem
1285 1591 1324 1650 et
1359 1573 1506 1656 amittit
1519 1615 1535 1672 ;

375 1686 561 1766 amissam
579 1676 743 1788 lugubri
763 1700 883 1760 cantu
903 1675 1036 1760 deflet.
1054 1679 1279 1763 Accurrunt
1307 1680 1356 1762 ad
1383 1712 1535 1770 canen·

373 1819 456 1879 tem
475 1793 578 1878 ferae
598 1795 810 1903 silvaeque.
831 1791 1175 1900 Metamorphoses
1196 1795 1297 1902 Atys
1316 1794 1358 1878 in
1372 1797 1532 1906 pinum.

369 1906 569 2020 Cyparissi
588 1907 630 1988 iu
650 1917 904 2015 cupressum,
922 1902 1143 2013 Hyacinthi
1163 1908 1205 1988 in
1225 1904 1380 2004 florem,
1405 1907 1532 1995 Cera-

373 2044 522 2104 starum
541 2020 583 2102 in
602 2016 744 2114 boves,
773 2013 1041 2126 Hippomenis
1061 2017 1101 2096 in
1122 2017 1299 2115 leonem,
1325 2021 1535 2108 Atalantae

370 2133 412 2217 in
445 2133 637 2232 leaenam,
669 2123 866 2214 Adonidis
895 2129 949 2238 in·
973 2157 1194 2212 anemonen
1214 2155 1253 2214 et
1280 2132 1461 2218 ll'lenthes
1488 2138 1530 2220 in

369 2269 562 2329 mentam.

336 2457 465 2606 Inde
479 2543 555 2624 per
572 2517 811 2597 immensum
832 2537 978 2593 croceo
997 2511 1164 2592 velatus
1184 2514 1342 2597 amictu

337 2629 457 2712 Aera
475 2624 721 2739 digreditur,
752 2623 1029 2733 Ciconumque
1048 2623 1317 2733 Hymenaeus
1335 2623 1397 2708 ad
1413 2655 1510 2710 oras

337 2741 383 2825 T
377 2737 519 2846 endit3
536 2755 577 2820 et
598 2738 768 2850 Orpluld
787 2737 1063 2846 nequicquam
1083 2765 1179 2819 uoce
1200 2756 1391 2824 vucntur:

338 2851 498 2960 Adfuit
517 2851 588 2932 ille
607 2849 793 2962 quidem:
812 2848 890 2930 sed
904 2877 980 2928 nec
998 2848 1216 2930 sollemnia
1236 2853 1355 2932 verba
1374 2911 1386 2944 ‚

335 2963 430 3048 Nec
441 2964 573 3045 laetos
590 2963 752 3054 vultus,
772 2989 850 3042 uec
858 2961 978 3066 felia
998 2961 1138 3040 attulit
1158 2991 1287 3044 omen.
1415 3005 1421 3014 ·
1523 2963 1551 3050 5

334 3079 441 3162 Fax
460 3083 655 3186 φωραθῇ
674 3103 797 3185 quum
811 3073 953 3168 tenuit,
967 3071 1207 3182 lacrymoso
1220 3073 1399 3156 stridula
1409 3077 1548 3185 fumo,

382 3248 485 3312 Fur,
499 3245 567 3322 Arg.
587 3245 659 3302 ende
677 3264 729 3318 per
751 3246 924 3300 irnnrensum.
945 3241 1079 3318 Orpheus
1091 3283 1100 3311 ,
1129 3241 1267 3320 Apollinis
1290 3257 1319 3301 et
1338 3244 1478 3324 Calliopes
1502 3247 1552 3306 vel

324 3345 388 3413 (ut
410 3337 456 3395 alii
478 3337 629 3402 scribunt)
649 3336 753 3414 Oeagri
778 3333 859 3393 florii
883 3347 912 3390 et
939 3336 1102 3410 Polymniae
1127 3355 1222 3392 rnusne
1244 3335 1336 3405 filins,
1360 3340 1486 3409 scientia,
1510 3361 1544 3398 ac

325 3443 425 3490 contus
448 3431 589 3488 suavitate
613 3428 746 3486 mortales
769 3446 867 3484 omncs
891 3425 995 3483 dicitnr
1017 3446 1172 3503 superasse,
1186 3430 1267 3500 cnjus
1285 3428 1477 3487 modulatione
1492 3451 1568 3490 non·

326 3523 457 3582 homines
481 3521 581 3592 solnm,
605 3521 654 3578 aed
672 3523 753 3586 seras,
768 3519 919 3596 salvasque
944 3537 976 3576 ac
1001 3537 1065 3574 saxa
1095 3529 1171 3574 mota
1197 3519 1290 3576 suisne.
1313 3522 1549 3598 Navigaaitinsn·

321 3637 374 3694 per
392 3635 460 3673 oum
486 3614 665 3692 Argonautis:
690 3613 783 3688 obque
809 3611 903 3666 uxoris
924 3629 1048 3665 amorem
1075 3609 1110 3664 ad
1135 3609 1241 3668 inferos
1254 3633 1319 3669 cnm
1343 3615 1546 3682 descendisset,

323 3707 340 3762 ὲ
364 3705 530 3782 Proserpina
550 3704 688 3770 concitate
706 3714 807 3758 cantus
827 3699 928 3756 allecta
953 3697 1123 3776 impetravit,
1138 3713 1173 3756 nt
1185 3701 1352 3760 defunctam
1381 3726 1497 3762 uxorem
1511 3707 1548 3762 ab

323 3781 421 3854 inseris
444 3797 593 3862 excitaret,
617 3793 667 3850 sed
691 3813 723 3850 ea
746 3791 920 3856 conditione,
945 3809 981 3846 ne
1004 3791 1078 3848 illene
1099 3793 1187 3870 prius,
1207 3815 1292 3870 quam
1313 3797 1476 3874 adsuperos
1502 3820 1546 3856 re·

324 3907 423 3945 versos
441 3900 525 3952 esset,
539 3887 700 3963 respiceret:
711 3883 760 3940 sed
775 3882 907 3958 Orpheus
921 3880 1026 3938 veritus
1045 3895 1077 3939 ut
1089 3903 1119 3940 se
1134 3904 1205 3940 uxor
1217 3900 1391 3960 sequeretur,
1403 3907 1469 3943 cnm
1486 3891 1545 3964 jam

324 3977 385 4036 fere
410 3979 445 4035 ad
465 3997 579 4056 superos
598 3976 782 4056 pervenisset,
808 3993 870 4029 earn
888 3972 1020 4047 respexitr
1045 3995 1118 4049 qnae
1142 3974 1217 4032 illino
1239 3977 1274 4032 ad
1298 3969 1549 4048 inferosretraeta,

325 4070 476 4150 Orpheum
502 4070 531 4125 iu
552 4069 680 4125 maximis
703 4063 873 4124 cruciatibus
893 4062 1015 4140 reliquit.
1036 4067 1108 4122 Corn
1129 4064 1214 4142 igitur
1230 4067 1391 4146 desperaret
1403 4090 1433 4126 se
1446 4071 1549 4128 iterum

310 4173 359 4219 'eo
380 4160 462 4240 potiri
486 4181 577 4239 posse,
590 4182 687 4217 ornnes
709 4169 875 4236 aspernatus
895 4155 1026 4214 mulieres
1048 4157 1162 4222 dicitnr,
1185 4160 1344 4235 primusque
1368 4162 1546 4236 apud'l'hrn.

325 4275 373 4311 ees
398 4274 549 4331 puerorum
574 4253 718 4309 umoribus
737 4248 895 4309 indulsisse.
906 4247 939 4305 ld
964 4268 1029 4304 vern
1048 4249 1266 4325 aegreferentes
1283 4251 1421 4310 'l'hrncise
1445 4255 1548 4313 mulie·

314 4365 390 4412 res,
410 4363 487 4400 sarra
508 4340 610 4398 Bacchi
629 4341 806 4398 celebrantes
826 4337 907 4395 illum
925 4336 1033 4395 citlrnra
1046 4350 1206 4408 canentem,
1224 4339 1354 4417 seraeque
1373 4341 1545 4403 mulcentem

326 4435 546 4510 discerpserunt.

380 4548 388 4580 ι
413 4525 529 4581 Croceo.
550 4523 606 4596 Qui
623 4522 755 4580 concolor
765 4520 917 4596 flamen,
934 4539 991 4598 qun
1013 4537 1088 4578 nova
1104 4527 1196 4595 nupta
1214 4521 1335 4596 pudoris
1349 4535 1378 4584 el
1394 4525 1460 4584 boel
1471 4526 1531 4582 omi

316 4619 345 4672 ni
370 4615 486 4691 sgrntr'a
506 4613 627 4671 velatur.
