3338 5258
435 335 516 424 350
760 363 794 420 o.
825 361 955 420 ovtou
982 359 1151 422 ussoots

334 485 507 570 Mittere
525 497 728 592 conatur3
748 496 967 565 conantem
988 482 1128 592 stipite
1146 508 1303 592 querno

336 597 528 706 Occupat
546 593 747 706 AEgides,
766 595 975 704 cubitique
992 595 1183 707 ingentia
1192 590 1367 702 frangit

337 709 475 796 Ossa:
492 737 571 790 nec
589 708 761 792 ulterius
779 706 881 790 dare
899 734 1050 819 corpus
1069 707 1216 790 inatile
1235 706 1316 789 leto

334 827 428 910 Aut
446 838 598 921 uacet,
617 839 689 902 cut
708 838 827 906 curat
843 851 855 930 3
873 838 1069 934 tergoque
1087 819 1284 904 Bianoris
1302 817 1385 900 utu·
1474 813 1565 926 345

329 939 495 1034 Insilit,
514 932 633 1017 hand
646 936 768 1019 solito
787 961 1020 1048 quenquam
1034 951 1225 1044 ponam,
1244 935 1330 1015 nisi
1345 931 1515 1040 ipsum.-

337 1050 618 1162 Opposuitque
632 1077 746 1160 genu
763 1050 918 1142 costis,
932 1075 1208 1159 prensamque
1226 1048 1403 1130 sinistra

339 1163 574 1250 Gaesariem
592 1163 798 1258 retinens,
816 1161 971 1247 uultum
988 1162 1307 1271 minitantiaque
1326 1187 1401 1242 ora

336 1279 493 1365 Robore
512 1273 669 1358 nodoso
684 1340 694 1375 ‚
708 1275 998 1387 praeduraque
1017 1293 1224 1386 tempora,
1234 1273 1390 1385 fregit.

334 1393 492 1478 Robore
508 1383 776 1500 Nedymnum
790 1451 802 1486 ,
810 1389 1173 1505 jaculatoremque
1191 1387 1390 1490 Lycotan
1470 1381 1560 1470 350

337 1504 515 1610 Sternit3
534 1518 574 1586 et
591 1503 781 1590 immissa*
794 1517 1024 1615 protectum
1037 1519 1208 1613 pectora
1221 1502 1354 1583 terte

340 1617 572 1727 Hippason3
584 1633 624 1697 et
641 1618 812 1702 summis
828 1632 1064 1700 exstantem
1081 1615 1240 1725 Riphea
1259 1610 1401 1698 siluis:

339 1731 568 1844 Tereaque,
587 1731 832 1818 Haemoniis
850 1730 924 1846 qui
932 1757 1109 1843 prensos
1126 1729 1330 1813 montibus
1350 1753 1472 1812 ursos

388 4207 451 4264 350.
487 4206 707 4286 tacutatoremq.
727 4210 876 4285 Lycetum.
901 4209 1045 4290 Lichepen
1066 4211 1112 4268 vel
1134 4210 1260 4289 bicepeu
1282 4213 1456 4270 vetustiores
1475 4211 1567 4286 pieri·

331 4319 394 4376 qne.
415 4301 544 4376 Lycotan
566 4301 867 4371 calceamenta,
888 4304 965 4378 quod
989 4304 1096 4360 aridei·
1127 4303 1320 4378 Nedymnum.
1359 4303 1565 4362 Tumltnarias

330 4392 494 4543 nujusmpqi
523 4413 638 4470 pugnus
657 4408 685 4452 et
717 4395 821 4454 caedes
853 4398 1032 4474 promiscuus
1063 4395 1151 4454 habes
1171 4396 1252 4475 apud
1279 4399 1365 4475 Virg.
1386 4417 1414 4472 9.
1449 4417 1494 4457 xo.
1521 4421 1563 4456 ιι.

330 4495 359 4542 ct
383 4505 426 4542 ιο.
457 4489 576 4541 t'.AEn.
