3350 5268
399 335 478 420 218
718 360 751 418 e.
771 361 898 418 ovtnu
913 359 1082 424 ussottts

306 479 511 564 Flectitur
526 473 747 560 AEacidne.
763 477 907 562 Thetis
924 479 1034 560 lanc
1042 503 1120 586 pro
1138 475 1319 590 conjuge
1331 473 1537 590 supplea-

308 590 488 697 Accepit
506 590 677 673 veniam.
696 587 782 674 Sed
796 593 906 672 enim
923 592 1186 673 irrevocatus
1197 591 1251 670 ab
1268 591 1365 674 acri

311 701 447 788 Grede
465 703 586 812 lapus
599 717 775 810 perstat,
794 699 1018 786 dulcedine
1035 701 1259 816 sanguinis
1275 729 1416 812 asper-5

309 819 461 902 Donec
478 815 753 896 inhaerentem
771 815 934 898 lacerae
951 817 1119 898 cervice
1128 814 1336 926 juvencae

309 931 524 1014 Marmore
542 927 723 1010 mutarit.
747 924 918 1038 Corpus,
928 945 1072 1038 praete
1183 925 1362 1010 colorem

314 1041 468 1126 Omnia
486 1041 694 1121 servavit:
714 1037 872 1150 lapidis
890 1041 1007 1124 color
1021 956 1185 1122 inZiit
1202 1039 1322 1134 illum
1433 1029 1525 1144 405

315 1155 411 1242 Jnm
427 1181 509 1232 nort
528 1178 616 1233 esse
635 1151 793 1262 lupum,
799 1151 896 1264 jam
915 1181 999 1236 non
1016 1151 1161 1236 debere
1179 1151 1327 1232 timeri.

314 1265 405 1352 Nec
424 1280 561 1344 tamen
579 1265 660 1346 ltac
673 1265 898 1378 profugum
918 1267 1143 1350 consistere
1162 1264 1290 1346 Pelea
1308 1263 1420 1343 terrei

316 1378 427 1464 Fnta
445 1377 602 1458 sinunt:
623 1375 855 1490 Magnetas
873 1375 966 1460 adit
984 1407 1116 1491 uagus
1134 1377 1282 1470 exsul,
1300 1391 1340 1458 et
1359 1373 1453 1456 illio

314 1491 448 1574 Sumit
465 1489 518 1569 ab
544 1488 768 1574 Haemonio
781 1492 1038 1604 purgamina
1056 1485 1201 1574 caedis
1215 1488 1379 1572 Acasto
1389 1493 1424 1566 *.

371 1603 529 1684 Interea
539 1600 773 1715 fratrisque
791 1603 878 1700 sui,
887 1604 1148 1714 fratremque
1167 1601 1322 1684 secutis
1439 1603 1531 1704 4ιο
1650 1665 1651 1668 ,

186 1755 195 1780 ι
316 1713 472 1800 Annia
485 1711 695 1824 prodigiis
714 1717 902 1796 turbatus
914 1731 1087 1827 pectora
1106 1712 1220 1808 Cois,

319 1825 518 1910 Crrnsulat
538 1842 583 1906 nt
601 1854 748 1908 sacras
766 1827 975 1909 hominum
995 1828 1271 1911 oblectamina
1288 1837 1443 1916 sortes,

319 1935 398 2022 Act
418 1935 625 2020 Clarium*
637 1956 764 2050 parat
782 1941 843 2020 tre
860 1939 1020 2028 Deum:
1039 1968 1137 2022 nam
1156 1937 1307 2048 templu
1321 1936 1539 2047 profanus

372 2119 434 2185 4ου.
454 2110 586 2170 AEreidee
607 2112 742 2189 sugentis.
761 2113 840 2168 Pelei
870 2115 1029 2189 precantis:
1050 2111 1094 2170 illl
1112 2129 1237 2190 stumque
1245 2107 1355 2187 suerat
1373 2111 1477 2180 irata,
1495 2127 1547 2166 tto·
1656 2110 1657 2126 ¹

315 2221 369 2280 que
389 2205 520 2278 precihus
536 2202 614 2259 illius
634 2203 706 2258 aruit
724 2203 901 2260 mouebatur.
1279 2249 1283 2258 .

372 2301 435 2366 4οι.
455 2295 509 2353 set
525 2295 599 2350 enirn
620 2293 803 2353 irrevocatue.
822 2297 982 2354 Revocutns
999 2296 1129 2372 plerique
1148 2296 1364 2364 solutionum
1382 2298 1469 2362 ποίας
1479 2299 1540 2348 atet
1659 2354 1660 2380 ,

311 2402 364 2460 pes·
385 2384 532 2440 Tltetidem
551 2395 721 2454 revocatus,
740 2396 793 2442 aut
812 2405 864 2460 per·
883 2385 1003 2448 Peleum
1019 2384 1138 2461 ejusque
1156 2386 1285 2448 comites.

372 2479 437 2546 408.
456 2475 602 2552 Magnetes
622 2476 690 2531 ertit.
709 2481 864 2552 Magnetes
881 2476 1063 2552 populicum
1083 2476 1267 2545 Thessaliae,
1285 2493 1425 2552 equorum
1441 2471 1539 2530 dorni·

315 2573 392 2620 tores
410 2563 572 2620 clarissimi.

371 2653 442 2708 Fet.
464 2655 495 2708 tt
512 2653 582 2730 Arg.
605 2657 721 2712 interea
737 2653 904 2734 fratrisque
921 2657 977 2712 sui.
997 2657 1078 2733 Ceyx
1105 2651 1230 2713 Luciferi
1250 2651 1327 2712 filins
1351 2651 1446 2712 iretris
1465 2671 1543 2711 cusu

317 2743 468 2801 adiendum
491 2743 643 2816 sollicttus,
663 2748 697 2804 ed
719 2749 842 2806 Clarium
863 2747 1005 2806 unctulum
1025 2747 1231 2806 consulendum
1243 2747 1287 2804 ire
1304 2765 1372 2806 cum
1390 2745 1547 2806 velletdin

318 2837 354 2894 ub
375 2838 524 2916 Halcyone
545 2861 630 2898 uxore
651 2841 705 2899 tuit
725 2854 888 2910 remoratus.
911 2845 983 2900 Cum
1005 2863 1072 2900 vero
1091 2841 1133 2898 itti
1153 2841 1325 2919 promisisset
1335 2859 1366 2898 se
1382 2838 1456 2898 iutra
1470 2837 1547 2896 dnos

318 2951 429 2988 incuses
449 2951 641 3003 reversurum,
652 2934 730 2991 ubire
752 2935 901 3012 permissus
914 2949 965 2992 est.
987 2934 1044 2992 Sed
1055 2936 1146 3014 ‘AEgeo
1164 2947 1332 3014 tempestate
1344 2931 1543 3011 deprehensus

317 3017 495 3098 naufragium
516 3023 605 3090 iecit,
625 3026 746 3101 uerique
766 3025 866 3082 emissa
886 3047 942 3082 una
968 3045 1034 3082 cum
1053 3025 1136 3080 sociis
1154 3025 1334 3093 submersus,
1353 3043 1439 3100 quem
1461 3019 1547 3078 uxori

318 3111 484 3188 promiserat
509 3113 629 3170 reditum
661 3126 804 3192 praester-e
825 3133 881 3170 nou
902 3115 1005 3192 potuit.
1024 3115 1103 3174 Uxor
1134 3127 1229 3174 autem
1250 3135 1316 3171 eum
1346 3111 1474 3190 quotidie
1494 3129 1548 3188 pro

318 3205 409 3260 meriti
427 3204 517 3262 seinte
537 3207 599 3264 Dris
618 3207 760 3274 omnibns,
779 3207 945 3282 iuuenique
962 3207 991 3264 in
1011 3207 1110 3285 primis
1128 3219 1195 3267 eote
1216 3205 1354 3276 solveret,
1372 3223 1457 3283 opera
1470 3201 1551 3260 illius

320 3315 517 3374 persomuum
538 3297 681 3356 edmouite
701 3311 768 3366 est,
787 3301 920 3356 meritum
939 3300 969 3356 in
988 3300 1058 3358 tusci
1089 3299 1204 3378 perisse.
1222 3301 1317 3372 Quare
1346 3294 1548 3376 expergefecit

323 3389 364 3444 ud¹
378 3389 457 3446 littus
477 3389 613 3454 accessit,
626 3411 659 3450 uc
678 3389 746 3450 dum
768 3391 924 3450 infortuni·
944 3412 995 3450 suc
1013 3406 1203 3472 quereretur,
1220 3391 1340 3450 cudaner
1358 3392 1388 3448 in
1409 3385 1554 3448 musileu-

322 3485 384 3558 gius
402 3483 523 3558 repexit:
543 3482 621 3558 quod
640 3501 705 3540 cnm
727 3483 820 3541 tuenti
842 3503 903 3541 esse
921 3489 1109 3562 cognovisset,
1123 3484 1159 3540 ed
1171 3483 1297 3560 illudque
1312 3501 1362 3560 pec
1381 3481 1471 3540 studes
1490 3477 1553 3535 exi·

322 3575 373 3632 lire
394 3572 496 3642 vellet,
516 3574 544 3630 iu
565 3593 645 3632 avem
664 3574 844 3651 Halcyoneus
864 3595 998 3634 converse
1019 3577 1055 3633 ad
1075 3597 1106 3636 oe
1125 3575 1217 3633 meriti
1236 3575 1389 3646 advolavit,
1402 3572 1452 3652 qui
1466 3570 1552 3630 mise·

322 3668 434 3724 tutione
454 3669 579 3724 Duorum
599 3667 644 3745 pie
675 3672 772 3727 uxoris
791 3667 886 3726 occule
917 3669 1041 3728 sentiens
1059 3669 1089 3726 iu
1110 3667 1237 3746 ejusdem
1255 3669 1366 3746 generis
1385 3685 1467 3724 svera
1486 3663 1547 3742 ipse

325 3779 437 3835 quoque
458 3759 511 3815 suit
539 3759 764 3836 transfiguretus.
782 3758 830 3819 At>
849 3759 893 3820 his
919 3775 1014 3820 sutem
1034 3762 1135 3822 nribus
1158 3769 1202 3836 14.
1220 3761 1281 3820 dies
1310 3759 1463 3839 Halcyouii
1481 3769 1550 3818 sunt

324 3850 412 3914 dicti,
431 3851 534 3927 quibus
554 3871 630 3906 mure
650 3853 778 3928 quietum
797 3865 849 3908 est.
870 3855 965 3930 Hujus
984 3854 1096 3912 subulae
1116 3867 1146 3912 et
1164 3854 1305 3912 Lucienus
1325 3853 1472 3926 meminit,
1484 3865 1550 3932 περι

325 3929 587 4026 μεταμορφώσεως.
986 4007 989 4018 Ι

386 4033 449 4097 tro.
471 4031 492 4084 F
496 4031 632 4100 tetrisque
644 4026 697 4084 sui.
715 4027 908 4083 Daedalionis
929 4027 1034 4086 Clrione
1044 4029 1115 4103 filia
1138 4031 1250 4084 Dianae
1269 4031 1342 4085 irum
1363 4039 1553 4104 provocante,

327 4123 421 4176 arbuti
440 4125 550 4195 ipsius,
570 4119 674 4174 deinde
693 4123 722 4176 in
753 4122 918 4193 accipitrem
939 4124 1066 4187 mutati,
1085 4121 1147 4194 lapi
1170 4119 1296 4194 denique
1324 4123 1402 4177 Pelei
1431 4121 1554 4197 ltospitis

327 4211 373 4266 sui
392 4210 472 4264 bores
491 4211 654 4284 persecuti,
674 4211 706 4266 in
721 4208 848 4286 lapidem
870 4215 942 4268 versi
954 4255 961 4273 .
981 4211 1123 4285 prodigiis
1147 4214 1274 4266 territus.

388 4307 418 4373 4ι
430 4325 448 4356 r.
472 4302 607 4376 Prodigiis
626 4301 718 4360 iretris
736 4305 789 4360 sui.
814 4305 985 4380 Cuq'usstlia
1007 4306 1120 4358 Dianae
1137 4305 1248 4378 sagitta
1272 4305 1367 4360 subito
1382 4303 1484 4374 serenat
1503 4306 1552 4362 in·

330 4396 462 4470 terfecta.
482 4395 665 4470 Fratremque
685 4395 796 4454 secutis.
818 4399 874 4468 Qui
893 4401 922 4450 in
944 4398 1107 4470 accipitrem
1119 4394 1227 4468 ficerat
1248 4406 1447 4454 commutatus.
