3334 5254
350 263 430 382 296
478 247 480 250 ⁵
698 289 733 350 Ρ.
753 289 881 346 ouon
899 284 1063 348 assatas

268 409 475 520 Corripuit
493 435 659 517 serpens
666 447 680 506 ;
697 403 910 517 avidique
927 402 1164 490 recondidit
1181 405 1296 494 alvo:

267 523 519 633 Obstupuere
538 548 697 602 omnes:
716 534 762 600 at
781 516 1074 628 reriproridas
1092 547 1234 630 augur

267 632 556 725 Thestorides,
580 631 832 723 Viacemus‚
852 632 914 712 ait
929 657 937 702 :
955 627 1138 742 gaudete
1154 696 1165 731 ,
1184 629 1372 744 Pelasgi.

267 745 312 826 T
305 745 395 856 roja
414 743 561 841 ceder·
581 741 660 826 sed
666 744 751 841 ¹erit
769 745 903 826 nostri
919 773 1034 826 mora
1054 742 1183 855 longa
1202 743 1368 827 utaris.
1429 769 1485 827 20

267 859 408 967 Atque
426 885 567 941 norem
587 855 771 944 volucres
788 856 834 936 ia
851 855 952 938 belli
969 853 1123 968 digerit
1138 883 1286 939 annos.
1366 961 1368 966 ,

267 969 365 1079 Illos,
379 971 430 1050 'ut
448 985 557 1070 erat,
576 965 727 1053 virides
744 967 968 1076 amplexus
986 967 1032 1048 in
1050 972 1194 1051 arbore
1212 995 1379 1067 ramat,

267 1075 340 1162 Fit
359 1081 487 1192 lapis:
508 1099 547 1162 et
565 1097 698 1164 seruat
717 1081 919 1186 serpentis
938 1082 1124 1193 imagine
1142 1105 1309 1164 saxum.

327 1197 545 1277 Permanet
564 1191 717 1274 Aoniis
735 1191 897 1276 Nereus
916 1192 1117 1278 violentus
1134 1194 1178 1274 ia
1198 1190 1348 1292 uadis,

273 1306 456 1416 Velaque
475 1334 557 1388 non
578 1306 771 1414 trasferte
790 1323 830 1388 et
851 1323 967 1406 sunt,
986 1307 1062 1413 qui
1073 1335 1245 1414 parcere
1258 1305 1411 1420 Trojae
1426 1304 1484 1392 25

267 1417 505 1526 Neptunum
522 1415 695 1501 credant
712 1456 724 1514 ;
744 1418 847 1528 quia
865 1418 1026 1506 moenia
1034 1418 1192 1526 fecerit
1211 1419 1312 1501 urbi.

269 1531 330 1614 At
350 1559 432 1613 uon
455 1527 734 1614 Thestorides.-
753 1531 958 1615 nec'enim
977 1531 1175 1629 nescitve,
1194 1545 1360 1612 tacetve

268 1641 484 1755 Sanguine
502 1641 693 1755 virgineo
705 1639 966 1750 placandam
987 1643 1160 1754 virginis
1178 1643 1285 1724 iram

269 1751 381 1836 Esse
398 1752 518 1835 Deae
532 1791 540 1836 :
555 1769 775 1864 postquam
793 1757 991 1868 pietatem
1004 1755 1176 1862 puhh'ca
1193 1781 1362 1847 caussa,

319 3667 361 3720 ¹9·
383 3647 572 3706 Thestorides.
596 3651 741 3716 Calchas,
760 3652 842 3724 filius
864 3646 1033 3720 Thestoris,
1052 3656 1098 3708 cui
1116 3661 1203 3727 pater
1220 3650 1321 3708 Idmon
1337 3655 1425 3708 uates.

320 3759 367 3796 er.
388 3742 494 3817 Atque.
514 3745 622 3799 Passer
641 3743 852 3820 hieroglyphice
870 3743 991 3800 denotat
1010 3763 1126 3801 anirum.
1148 3746 1261 3802 Pierius
1280 3744 1328 3798 leh.
1350 3761 1395 3798 ao.
1419 3744 1486 3796 Ser·

261 3845 332 3901 pens
358 3839 455 3886 aulem
480 3830 601 3890 denatat
620 3843 731 3908 tempus
756 3833 835 3890 edas:
853 3851 958 3889 rerum.
979 3835 1094 3890 Pierius
1112 3833 1160 3890 lih.
1183 3833 1226 3904 eh.
1249 3833 1325 3886 Tala
1346 3829 1419 3886 haec
1428 3825 1486 3904 sa·

260 3920 328 3976 bula
349 3920 519 3979 describitur
538 3925 575 3980 ab
596 3927 720 3982 Homero
739 3926 787 3981 lib.
809 3947 836 3983 a.
859 3925 982 3982 iliados.

318 4029 362 4081 ⁹9·
383 4011 477 4066 Deae:
500 4026 657 4090 postquem.
678 4016 793 4070 Dianae
811 4017 907 4071 iratae
929 4017 1134 4092 Agamemnoni
1160 4022 1279 4089 propter
1297 4030 1409 4069 ceruam
1428 4012 1482 4068 sihi

257 4101 431 4172 peculiarem
451 4103 488 4158 ah
513 4102 564 4158 illo
591 4122 715 4160 caesam.
736 4108 793 4159 Cic.
816 4108 841 4160 3.
872 4105 946 4182 offic.
970 4104 1048 4179 Quid
1077 4110 1296 4180 Agamemnon?
1317 4121 1380 4161 cum
1399 4103 1485 4156 deeo-

259 4192 343 4246 visset
378 4195 512 4262 Dianae,
533 4195 611 4270 quod
629 4199 658 4251 ia
679 4215 732 4253 suo
751 4215 840 4272 regno
865 4197 1084 4272 pulcherrimum
1105 4205 1179 4251 esset
1204 4205 1304 4250 natum
1324 4213 1358 4250 eo
1377 4213 1482 4260 anno,

260 4281 414 4337 immolavit
447 4283 625 4362 Iphigeniam
649 4288 763 4344 Lucret.
782 4285 830 4344 lib.
857 4309 881 4344 ι.
907 4285 1011 4345 tuliae
1033 4307 1089 4361 quo
1109 4299 1193 4363 pocta
1224 4283 1340 4344 Triviai
1372 4283 1489 4361 virginit

256 4388 340 4440 tram,
363 4385 416 4431 ete.
