3334 5254
413 343 493 436 516
747 365 1114 434 novmunssons

330 488 388 574 Vi
403 491 536 574 matut
556 485 688 591 vertit,
707 506 919 601 terraeque
936 488 1114 602 adflixit
1132 480 1333 567 Achilles.
1452 583 1462 612 ὓ

326 599 445 702 Turn
464 603 611 714 clypeo
627 603 884 716 genibusque
896 624 1085 713 premens
1099 589 1504 710 mercennarium,

329 712 484 798 Vincla
503 717 628 796 tralu‘t
638 717 800 828 galeae:
825 743 932 826 quae
944 741 1088 825 presso
1112 705 1280 792 subdita
1299 721 1435 790 mento
1454 713 1525 812 ¹4¹

324 821 686 935 Elt'duntfuttces‚
708 843 747 910 ct
764 827 1014 937 respiramen
1032 825 1189 935 iterque
1238 917 1239 920 Ἴ

322 935 522 1049 Eripiunt
540 943 715 1022 animae.
738 941 905 1027 Victum
923 940 1101 1051 spoliare
1110 935 1294 1047 *perabat
1303 971 1317 1030 ,-

325 1049 460 1132 Arma
479 1052 624 1133 relt'ctn
642 1051 772 1135 uidet:
794 1081 945 1163 corpus
963 1054 1083 1136 Deus
1101 1045 1292 1160 aequoris
1310 1042 1447 1125 attam

326 1159 508 1246 Contulit
527 1166 572 1244 in
589 1166 820 1260 uolucrem,
838 1166 960 1280 cujus
978 1165 1101 1249 modo
1120 1185 1266 1244 nomen
1295 1155 1481 1239 habebat.

405 1277 490 1362 Hic
507 1275 635 1370 labor,
655 1278 759 1360 leaeo
776 1283 954 1390 requiem
973 1279 1192 1362 multorum
1200 1299 1347 1387 pugna
1366 1261 1527 1352 dierum

324 1387 505 1473 Attulit:
526 1403 565 1470 et
579 1392 730 1496 positis
743 1419 845 1499 pars
865 1407 1037 1504 utreque
1055 1386 1235 1474 substitit
1253 1385 1393 1466 armis.

324 1498 518 1614 Dumque
545 1499 651 1616 vigil
666 1503 879 1614 Phrygios
896 1521 1035 1590 seruat
1053 1499 1246 1588 custodie
1263 1520 1426 1594 muron,

327 1609 390 1694 Et
407 1614 514 1727 uigil
530 1609 760 1727 Argolicas
771 1633 905 1702 seruat
923 1615 1115 1702 custodia
1123 1615 1284 1724 fossus,

327 1727 372 1812 F
369 1743 457 1809 esta
478 1725 570 1813 dies
588 1725 735 1814 aderat
751 1755 764 1836 3
782 1757 866 1838 qua
888 1725 1032 1840 Cygni
1046 1730 1189 1814 uictor
1203 1723 1396 1810 Achilles
1459 1713 1535 1803 150

381 2657 442 2728 ¹⁴⁵·
461 2651 591 2714 Contulit
609 2652 763 2718 uolucrem.
784 2656 931 2710 Cmuertit
951 2655 980 2708 in
999 2653 1151 2710 uolucrem.
1172 2651 1245 2711 Tres
1264 2659 1359 2710 eutem
1381 2655 1476 2731 Cygni
1489 2675 1548 2716 nee-

324 2756 475 2802 morantur
493 2745 576 2820 apud
596 2747 720 2814 Poe'tas,
735 2749 844 2821 primns
863 2745 991 2822 Neptuni
1001 2745 1104 2823 filius,
1123 2765 1205 2821 quens
1224 2745 1547 2805 montemacutum

322 2839 405 2896 Alter
422 2838 549 2896 Stheneli
570 2839 661 2905 lilius,
687 2840 825 2914 Ligurum
844 2855 910 2894 ren:
940 2840 1056 2894 Tertius
1074 2845 1171 2893 autent
1192 2841 1309 2914 Cygnus
1338 2839 1449 2894 Martis
1464 2839 1548 2914 filius

313 2930 396 3006 suit,
415 2951 497 3008 quem
518 2930 654 2988 Hercules
672 2931 817 3008 singulari
835 2933 990 2987 certamine
1006 2928 1088 3003 apud
1107 2931 1233 2986 Peneum
1253 2948 1364 2986 emnem
1383 2932 1547 3006 superauit,

323 3035 351 3082 et
372 3025 490 3082 occidit.

380 3117 453 3171 Fal.
470 3117 528 3174 lV.
547 3123 576 3170 et
597 3116 635 3174 V.
660 3114 729 3190 Arg.
748 3115 812 3169 liic.
830 3113 934 3181 luitur,
964 3109 1167 3191 etc.Supereto
1193 3123 1288 3170 eutem
1313 3111 1446 3190 Cygno,
1469 3111 1547 3170 inter

325 3207 423 3283 epulus
442 3203 583 3273 Achillae,
602 3205 762 3281 metarique
782 3203 899 3274 Achivi,
918 3204 1095 3262 admirentur
1113 3203 1239 3283 corporis
1257 3203 1395 3262 duriciam
1406 3205 1485 3284 qnod
1497 3217 1541 3264 to-

323 3298 377 3354 ties
396 3295 510 3354 husten
542 3313 659 3374 corpore
679 3297 741 3370 ejus
767 3307 841 3353 esset
860 3293 991 3374 repulse,
1016 3314 1087 3372 quoe
1119 3293 1267 3352 admiratio
1286 3315 1304 3352 u
1334 3297 1453 3356 Nestore
1475 3313 1545 3354 sene

323 3389 483 3448 doctissimo
504 3388 672 3466 speciosiore
693 3387 824 3466 exemplo
845 3387 1014 3447 infirmetur.
1031 3385 1141 3446 Retulit
1159 3387 1234 3444 enim
1247 3407 1298 3447 sue
1316 3399 1410 3447 estate
1429 3389 1549 3446 &enirn

323 3481 395 3540 Elati
415 3481 500 3540 liliam
520 3483 626 3550 luisse,
647 3487 720 3556 quie
741 3493 858 3560 propter
878 3480 1148 3559 pulchritudinem
1169 3481 1302 3559 Neptuno
1323 3501 1482 3560 compresse
1501 3481 1548 3538 eit.

323 3577 397 3632 Date
416 3577 458 3633 illi
477 3577 558 3636 venie
577 3575 615 3631 ob
634 3573 782 3647 injuriato,
802 3574 881 3630 utin
903 3575 992 3630 virum
1023 3586 1131 3632 mittete
1165 3573 1244 3632 nullo
1265 3573 1323 3632 telo
1343 3573 1464 3632 interfici
1484 3590 1548 3650 pos·

325 3684 370 3726 stt.
384 3671 459 3726 Hinc
471 3689 535 3726 curn
558 3667 701 3726 Pirithous
713 3667 819 3724 lxiouis
831 3665 904 3722 lilius
923 3665 1047 3742 Neptuni
1067 3667 1222 3738 interisset,
1235 3669 1320 3726 ductu
1340 3665 1547 3745 Hippodamia,

326 3775 353 3820 et
374 3767 496 3839 Eurytus
515 3761 589 3817 iuter
607 3760 764 3818 Contentus
783 3759 917 3818 incitetur
938 3760 967 3816 in
986 3773 1106 3838 nuptum
1126 3781 1230 3821 notens
1263 3761 1402 3840 impetunt
1420 3758 1550 3828 lecisset,

326 3855 427 3913 caeteri
449 3855 585 3933 Lapithae
604 3866 690 3930 utque
709 3852 843 3910 Centauri
867 3853 982 3929 nuptias
1001 3853 1216 3930 frequentantes
1234 3855 1400 3933 prnsiluere.
1422 3851 1550 3928 Ideoque

324 3969 388 4003 cum
410 3946 528 4001 meriutu
548 3943 648 4002 ceetles
667 3955 740 4000 essct
762 3955 877 4010 oxortu,
898 3941 1068 4021 plurimique
1090 3967 1125 4002 cx
1146 3960 1265 4022 utreque
1285 3944 1413 4024 pnrtcob
1433 3960 1546 4026 raptum

326 4051 516 4098 tuutrouorutn
540 4039 748 4106 concidissent,
768 4053 803 4093 eo
824 4037 901 4112 quod
922 4035 1096 4095 inviolabilis
1117 4041 1175 4116 ipse
1197 4051 1332 4108 restaret,
1351 4039 1387 4095 ub
1408 4039 1550 4098 universis

324 4133 420 4210 quiex
440 4132 526 4190 caede
544 4130 643 4207 reliqui
663 4131 798 4199 luerunt,
819 4131 970 4188 novissimo
991 4131 1100 4208 impetu
1120 4131 1206 4198 secto,
1223 4133 1418 4210 congestisque
1435 4135 1463 4188 iu
1484 4151 1552 4188 eum

327 4224 458 4282 orborum
477 4222 583 4280 truncis
602 4220 730 4300 spiritum
750 4219 870 4280 reddere
890 4233 1007 4280 coactus
1027 4235 1079 4279 est.
1099 4221 1207 4279 Temen
1228 4241 1287 4280 non
1306 4224 1454 4282 immemor
1474 4225 1554 4283 Deus

326 4317 503 4392 Neptunum
524 4333 580 4388 quo
601 4313 760 4391 speciosum
782 4333 884 4374 munus
903 4326 1053 4392 acceperet
1063 4349 1072 4382 ,
1089 4313 1284 4392 supradictum
1296 4315 1326 4372 in
1346 4314 1492 4373 volucrem
1506 4335 1554 4374 no·

327 4408 411 4466 minis
429 4407 473 4464 sui
497 4403 715 4482 trensliguruvit.
