3358 5256
396 361 472 460 ¹24
726 375 759 434 Ρ.
780 375 906 436 ovina
922 375 1090 436 ‘ussonis

303 499 479 595 Dicam,
497 496 585 602 ait3
602 509 642 576 et
659 494 813 578 ueteris
830 508 1053 586 monstrum
1071 492 1269 576 mirabere
1286 487 1446 600 eulpae.

307 609 396 694 Sed
410 611 528 693 labor
541 605 733 697 insolitus
741 605 836 719 jam
854 635 918 689 me
936 605 1132 696 lassavit:
1152 620 1195 688 et
1213 631 1310 690 ecce

310 723 551 833 Opportuna
567 722 649 803 soa
667 717 881 802 blanditur
891 719 1069 828 populus
1087 719 1254 818 unsbrd,
1422 711 1506 802 555

308 837 478 946 Datque
503 849 635 916 torum
652 859 819 942 cespes:
845 833 942 915 libet
958 832 1040 918 iao
1056 832 1308 943 requiescere
1324 843 1471 914 tecum.

312 947 374 1031 Et
392 946 602 1060 requievit,
621 944 763 1042 isumo;
777 946 1006 1059 pressitque
1023 960 1063 1026 et
1085 971 1284 1058 gramen,
1301 957 1341 1024 et
1358 940 1506 1052 ipsum.

308 1061 438 1172 Inque
456 1059 552 1142 sinu
560 1057 736 1170 juvenis
749 1060 887 1168 posita
914 1059 1081 1141 cer-vioe
1092 1053 1285 1140 renidens

307 1173 380 1256 Sic
397 1173 459 1254 ait
473 1213 485 1259 .·
501 1199 555 1254 ac
581 1169 728 1253 mediis
745 1173 948 1254 interserit
966 1170 1111 1254 oscula
1136 1169 1287 1252 verbis.

365 1285 563 1367 Forsitan
580 1282 765 1365 audieris
782 1284 966 1397 aliquam
985 1283 1206 1368 certamine
1223 1308 1371 1366 curstut
1423 1279 1506 1367 560

313 1398 363 1483 V
353 1397 488 1480 elaces
504 1425 718 1506 superasse
737 1397 856 1487 viros.
876 1395 975 1480 Non
985 1395 1141 1503 fabula
1158 1423 1298 1478 rumor

310 1510 505 1620 Illesuit:
525 1511 743 1618 superabat
761 1510 894 1608 enim;
912 1537 989 1594 nea
1007 1508 1145 1594 dicere
1158 1534 1326 1617 posses,

360 3037 432 3093 Fati.
451 3037 504 3092 Xt.
525 3036 591 3113 Arg.
611 3039 746 3093 Forsitan
765 3035 894 3094 audieris
912 3036 1040 3114 utiquam
1059 3036 1215 3094 certamine
1233 3049 1350 3102 cursus,
1369 3041 1422 3090 ete.
1449 3033 1520 3092 Ate·

302 3126 378 3184 lento
398 3127 535 3184 Schoenei
555 3127 609 3184 titi·
619 3167 629 3194 ,
648 3147 713 3185 curn
733 3125 769 3183 de
792 3127 923 3206 conjugio
943 3127 1081 3186 sciscitstu
1100 3138 1192 3197 esset,
1211 3137 1241 3183 et
1267 3125 1372 3182 monitu
1394 3137 1426 3183 nt
1446 3123 1518 3181 nulii

302 3216 557 3295 jungeretur,qoie
576 3219 701 3275 omniurn
722 3217 860 3297 uirginum
882 3219 1069 3298 pernicissimu
1082 3230 1158 3284 erut,
1178 3215 1342 3296 petentibus
1362 3213 1464 3293 procis,
1478 3214 1517 3272 ie·

303 3331 365 3389 gens
387 3311 493 3387 posuit,
507 3312 568 3387 ejus
586 3315 736 3390 conjugem
756 3311 890 3381 intusum,
900 3313 950 3391 qui
962 3333 991 3372 se
1003 3333 1086 3372 cursu
1100 3311 1203 3392 pedum
1216 3311 1420 3375 antecessisset,
1434 3327 1521 3386 quum

300 3425 364 3461 cuin
378 3405 570 3482 Hippomenes
590 3405 711 3463 Macarei
731 3405 807 3464 iiiios
820 3425 855 3464 ex
866 3407 999 3485 progenie
1012 3405 1136 3484 Neptuni
1152 3405 1261 3463 intenso
1274 3424 1369 3462 eruore
1380 3402 1518 3485 diligeret,

302 3516 355 3554 nec
375 3511 492 3554 mortem
510 3499 670 3556 certaminis
689 3512 896 3578 expavesceret,
914 3500 1057 3556 Venerem
1070 3498 1098 3555 in
1112 3497 1193 3554 melis
1204 3497 1304 3556 hebuit
1324 3495 1435 3554 auxilio.
1447 3495 1520 3552 Nem

303 3608 339 3646 ex
359 3591 515 3648 Demsseno
532 3611 598 3670 egro
611 3592 636 3650 ei
656 3592 706 3650 trie
727 3593 800 3650 mein
818 3613 902 3649 nureo
923 3592 1056 3658 donavit,
1077 3591 1127 3668 qui
1146 3602 1191 3648 est
1210 3590 1240 3648 in
1259 3589 1349 3648 insule
1369 3587 1470 3666 Cypri,
1485 3599 1520 3646 ut

304 3679 333 3739 ia
354 3699 437 3738 cursu
464 3680 612 3760 projiceret
631 3682 747 3762 virgini:
777 3683 904 3741 futurum
924 3682 998 3740 enirn
1020 3693 1053 3740 ut
1078 3681 1234 3760 cupiditate
1254 3683 1314 3760 ejus
1346 3681 1519 3748 tunderetur,

302 3773 369 3830 dum
392 3784 510 3849 peteret.
529 3775 617 3850 Cujus
636 3775 749 3833 monitis
767 3775 960 3854 Hippomenes
986 3789 1155 3836 consecutus
1175 3775 1337 3842 victorium,
1363 3783 1460 3852 postes
1479 3771 1524 3830 in·

303 3877 398 3943 gratus
418 3863 550 3922 aduersos
568 3867 657 3922 Deera
683 3868 812 3944 cognitus
835 3879 887 3926 est.
906 3869 1005 3945 ltsque
1035 3867 1158 3948 impulsu
1188 3866 1314 3944 ejusdem
1334 3867 1432 3932 Dese,
1452 3863 1522 3920 dum

302 3954 398 4012 enutris
413 3954 505 4012 Deitas
526 3954 622 4013 lucum
643 3957 900 4035 trsnsgsesliuntnr,
919 3979 1004 4034 quem
1024 3957 1131 4017 Echion
1153 3971 1246 4016 terroe
1260 3955 1334 4014 titios
1352 3965 1520 4022 sseruvesut,

303 4065 360 4102 non
381 4057 534 4106 tennerunt
553 4046 762 4126 cupiditatem,
781 4051 849 4126 quio
870 4051 1006 4111 adsersus
1027 4051 1190 4131 religionem
1210 4051 1240 4108 in
1260 4059 1370 4108 secreto
1389 4067 1523 4106 coneum·

302 4135 406 4194 herent
426 4139 508 4208 solo,
526 4158 611 4216 quesn
629 4137 666 4197 ob
686 4159 798 4198 mosem
817 4163 833 4198 e
853 4143 914 4200 Deo
933 4141 962 4198 in
983 4141 1080 4200 leones
1100 4153 1166 4200 sunt
1186 4139 1325 4199 conversi.

359 4233 424 4287 561.
443 4231 507 4289 Non
527 4229 624 4290 sabulo
643 4233 797 4292 rumorilie
818 4233 881 4292 init.
894 4239 941 4292 tte
961 4233 1114 4312 distingues
1132 4251 1230 4290 rumor
1248 4233 1300 4289 itte
1325 4250 1382 4288 non
1401 4228 1470 4304 suit
1486 4227 1520 4302 fi·

298 4329 383 4388 etus3
401 4323 443 4378 sie
460 4319 574 4380 tubulus
593 4343 689 4384 munes
708 4325 790 4402 apud
806 4329 970 4385 Horatium.
987 4327 1050 4384 Non
1070 4323 1175 4384 sabulo.
1193 4325 1259 4384 Non
1273 4333 1317 4382 est
1332 4326 1415 4392 haee,
1429 4323 1522 4399 inquit

301 4415 414 4482 Venus,
424 4414 512 4490 fictio
524 4414 566 4472 ed
583 4415 784 4478 detectundurn
803 4429 972 4496 conparato
981 4460 990 4489 ,
1009 4417 1061 4478 ssd
1079 4436 1185 4488 rumor,
1199 4419 1256 4476 ino
1265 4415 1359 4494 sonsa
1381 4423 1517 4476 constans

300 4517 328 4564 st
348 4516 437 4566 certe.
