3350 5268
413 333 494 418 226
746 351 1107 414 uovmumsoms

330 477 563 592 Aptarique
581 471 669 554 suis
682 472 826 580 pinum
836 471 956 582 jubet
972 471 1250 552 armamentis.

333 598 430 702 Qua
450 613 590 668 rursus
609 587 717 681 visci,
734 584 869 664 ueluti
879 610 1089 695 praesaga
1098 583 1266 692 secturi,

328 702 500 788 Horruit
519 695 757 805 Halcyone:
778 695 1068 806 lacrymasque
1085 697 1221 777 emisit
1243 694 1427 794 obortas,

328 815 644 924 Amplcunsque
663 805 797 900 dedit,
820 808 1008 917 tristique
1029 808 1258 890 miserrima
1277 803 1444 888 tandem

331 927 429 1020 Ore,
449 923 556 1020 vole,
575 921 710 1015 dixin
729 918 997 1028 collapsaque
1015 947 1183 1026 corpore
1202 933 1289 1000 tota
1314 934 1387 1001 est.
1446 917 1533 1026 460

327 1041 412 1122 Ast
420 1039 618 1148 juvenes,
634 1047 851 1142 quaerente
868 1059 1004 1114 moras
1021 1028 1182 1139 Ceyce,
1201 1028 1405 1112 reducunt

330 1150 559 1234 Ordinibus
570 1144 748 1258 geminis
765 1141 968 1252 adsortia
984 1159 1153 1252 pectora
1172 1165 1321 1226 remos.-

329 1261 582 1373 AEqnalique
599 1259 686 1337 ictu
705 1253 1041 1360 sct'neluntfreta.
1061 1255 1236 1336 Sustulit
1255 1255 1336 1339 illa

329 1375 553 1454 Humentes
572 1368 740 1464 oculos;
758 1382 1012 1478 stantemque
1030 1367 1075 1448 in
1092 1395 1230 1475 puppe
1247 1367 1437 1460 meunt,

331 1484 627 1566 Concusscicue
645 1509 770 1560 manu
788 1477 954 1562 dantem
980 1478 1061 1560 sibi
1077 1480 1202 1590 signa
1221 1479 1414 1559 maritum
1441 1475 1531 1584 465

329 1597 472 1679 Prima
491 1511 621 1678 eiciet:
638 1589 855 1696 redditque
873 1605 1005 1674 notus.
1029 1587 1113 1672 Uti
1130 1607 1239 1672 terra
1258 1590 1428 1673 recessit

329 1708 535 1816 Longius,
552 1720 676 1813 atque
694 1703 808 1784 oculi
832 1719 1037 1812 nequeunt
1055 1729 1305 1814 cognoscere
1330 1702 1503 1812 uultus3

329 1821 445 1902 Dum
463 1818 579 1908 licet,
598 1817 828 1924 insequitur
834 1816 1069 1927 fugientem
1085 1813 1241 1898 *leonine
1249 1814 1410 1922 pinum.

328 1931 447 2016 llaec
466 1955 624 2044 quoque
644 1942 687 2008 ut
706 1926 822 2010 baud
832 1941 993 2042 poterat
1012 1925 1149 2034 spatio
1170 1926 1360 2010 submota
1378 1923 1535 2031 rideri,-

369 3723 433 3789 tea.
469 3717 626 3776 Ordinibus
651 3721 779 3798 genueris.
805 3711 879 3778 Nam
901 3717 1014 3778 biremis
1043 3725 1125 3786 erait
1143 3727 1254 3798 gestum
1283 3719 1417 3794 reprimit
1445 3720 1531 3776 remi-

311 3815 452 3882 gentium.

367 3909 432 3971 466.
467 3905 600 3958 Recessit.
630 3902 756 3960 Videsne
782 3923 880 3958 reorent
901 3899 1013 3959 iilaml
1036 3909 1152 3982 (inquit
1186 3909 1285 3960 Cicero
1303 3908 1333 3959 itt
1364 3903 1530 3974 Luceello,)

309 3997 388 4046 stare
411 3993 494 4047 nolis
515 3992 644 4047 uidetur:
663 4001 697 4046 at
715 3994 751 4046 iis
770 3997 821 4068 qui
839 3997 869 4046 in
888 3997 956 4050 navi
985 4003 1075 4062 sunt,
1094 3999 1199 4052 moveri
1216 3997 1289 4052 ltaee
1316 3994 1402 4052 uillas
1420 4013 1531 4070 quaere

307 4087 439 4138 rationes
468 4101 520 4138 cur
549 4087 591 4138 ite
622 4082 754 4140 uideatur
767 4124 776 4150 ,
799 4094 853 4142 etc.
889 4086 1009 4143 reddent
1035 4087 1246 4144 Mathematici.
1290 4089 1396 4144 Oculus
1427 4105 1530 4160 nempe

306 4175 450 4244 quiescere
463 4189 522 4228 non
537 4172 694 4248 judicans,
714 4185 792 4230 motu
813 4187 981 4252 conspecto,
1000 4181 1085 4254 quasi
1103 4187 1190 4234 semet
1210 4189 1397 4244 retraetans,
1418 4187 1528 4232 terram

306 4275 387 4320 retro
415 4265 553 4330 tendere,
572 4265 747 4322 solventibus
766 4287 782 4321 e
800 4279 908 4342 portu,
928 4272 1075 4342 opinatur.
1095 4263 1281 4326 Provehimur
1301 4263 1385 4348 portu
1396 4309 1407 4334 ,
1428 4263 1534 4325 terrie·

303 4377 377 4428 que,
399 4356 539 4430 urbesque
552 4356 700 4412 recedunt.
714 4359 822 4412 AEneld
847 4362 871 4411 3.
893 4370 920 4413 et
945 4361 1057 4415 Lucret.
1077 4359 1126 4415 tto.
1155 4365 1180 4432 i.
1201 4363 1262 4434 Qui
1283 4361 1413 4419 vehimur
1437 4362 1530 4429 nevi,

300 4447 400 4517 fertur,
408 4461 466 4504 tum
478 4462 551 4506 sture
564 4447 683 4504 videtur:
696 4449 776 4520 Quae
790 4461 884 4506 innuet
898 4452 927 4505 in
940 4450 1074 4516 statione,
1088 4469 1120 4506 eu
1134 4465 1246 4528 praeter
1260 4454 1385 4514 ereditur
1397 4456 1448 4526 ire,
1476 4468 1534 4514 ete.
