3338 5258
431 511 1064 609 ANNOTATIONES

188 1253 251 1316 lte.
274 1253 313 1316 Χ.
331 1261 516 1320 oers.6.st
533 1278 659 1340 qnoque.
673 1263 735 1322 Lib.
767 1269 795 1341 i.
813 1288 870 1327 oer.
891 1273 937 1327 σο.
951 1267 1010 1325 Fax
1029 1285 1145 1344 quoque
1162 1285 1248 1344 quam
1270 1270 1371 1329 tenuit.

131 1353 263 1432 Quinque
275 1351 369 1430 saoes
390 1362 459 1410 ante
477 1371 583 1412 cossam
604 1365 725 1433 nuptum
735 1359 882 1438 praeferri
892 1363 1035 1421 solebant.-
1048 1361 1112 1416 ride
1127 1362 1210 1418 Ales.
1231 1363 1270 1418 ob
1282 1364 1368 1429 Ales

132 1444 183 1502 tta.
203 1464 229 1501 s.
249 1463 316 1522 cap.
338 1448 365 1502 5.
396 1447 455 1503 Fax
486 1446 644 1524 lacrymoso
665 1441 970 1512 assentiremini
995 1444 1126 1532 alpais,
1150 1443 1369 1512 ariadnam-

132 1535 234 1594 Tristis
252 1537 377 1614 Erinnys
396 1568 433 1582 -
453 1537 594 1594 Prsetnlit
611 1539 750 1599 infaustas
768 1541 988 1620 sanguinolenta
1008 1539 1096 1598 loces.

192 1626 277 1685 vers.
309 1631 356 1700 il.
389 1626 525 1694 Belides,
544 1628 665 1708 Sisypho
697 1631 782 1692 Tam.
802 1633 879 1708 Quid
900 1634 1027 1691 mirum?
1047 1629 1098 1688 ubi
1122 1628 1178 1686 ittis
1201 1628 1375 1688 carminibus

130 1728 250 1795 stupens
269 1717 406 1775 neminie
424 1731 499 1776 stras
519 1719 614 1777 beline
634 1721 781 1800 centiceps
802 1727 897 1783 Aures
908 1762 919 1792 ‚
934 1711 968 1780 ¹et
987 1721 1085 1780 intorti
1105 1719 1215 1799 capillis
1235 1720 1370 1777 Eumeni-

132 1809 203 1880 dum
223 1822 391 1870 recreentur
411 1819 546 1890 angues?
566 1833 609 1872 ec.
628 1817 734 1872 Horat.
751 1817 800 1873 tto.
816 1839 858 1874 ιι.
878 1819 934 1873 ode
957 1820 999 1871 1³.
1032 1817 1120 1891 lnqne
1152 1824 1212 1871 tao.
1230 1815 1375 1888 Sisyphus

137 1902 217 1960 AEott
224 1899 314 1980 silius
331 1924 395 1962 carn
415 1905 555 1962 Isthmum
575 1907 751 1982 infestaret,
775 1909 818 1965 ud
836 1908 947 1982 inferos
965 1919 1085 1974 trusus,
1104 1925 1210 1963 surum
1223 1909 1253 1961 in
1266 1909 1375 1962 montis

135 2011 273 2051 cucuma
292 1995 460 2052 subvolvere
478 1998 606 2072 cogitur,
621 1999 700 2074 quod
718 2017 830 2074 semper
851 2003 882 2056 in
911 1999 1013 2056 erilem
1032 1998 1202 2058 devolvitur.

197 2086 285 2144 Vers.
306 2089 353 2158 46.
372 2085 432 2143 Nec
453 2087 528 2164 regis
540 2089 852 2164 conjux.Proserpina.
873 2087 931 2146 Nec
952 2085 1035 2166 regis.
1050 2089 1212 2144 Memoriae
1230 2084 1381 2162 proditum

135 2183 181 2235 esi
190 2215 201 2243 ,
213 2177 307 2255 inquit
329 2179 494 2235 Pausanias
513 2182 543 2234 ia
563 2183 727 2251 Boeotias,
749 2183 917 2256 Orpheum,
938 2201 1029 2238 uxore
1041 2189 1179 2249 osorton,
1198 2181 1311 2236 venisse
1331 2177 1375 2234 od

136 2271 268 2325 Aornum
302 2268 510 2343 Thesprotiae,
530 2271 578 2326 att
602 2289 655 2346 per·
683 2277 910 2329 necromantiam
943 2283 1133 2330 evocarentur
1153 2270 1292 2326 remorarer
1313 2269 1377 2335 iia,

137 2375 203 2414 cum
219 2357 384 2434 Eurydices
402 2363 529 2416 animam
542 2379 617 2437 pone
635 2365 717 2439 sequi
735 2372 890 2438 putasset,
915 2373 944 2418 et
964 2383 1017 2419 saa
1047 2382 1079 2418 se
1109 2363 1244 2434 opinione
1252 2357 1374 2434 salsum

136 2452 291 2526 respiciens
309 2452 560 2534 animadvertisset
572 2492 581 2519 ,
602 2455 683 2511 ultro
712 2457 768 2512 silei
797 2459 854 2531 ipsi
865 2497 873 2524 ,
892 2475 1023 2513 moerore
1053 2453 1215 2530 consectam
1227 2493 1236 2521 ‚
1256 2460 1378 2507 mortem

135 2543 313 2600 conscivisse.
331 2541 486 2617 Ejusmodi
509 2542 548 2601 de
570 2548 688 2602 Bavaro
711 2546 838 2623 quodam
862 2546 991 2620 refertur
1003 2545 1114 2619 labala
1137 2563 1158 2599 a
1182 2543 1300 2599 Snlrirso.
1320 2539 1380 2596 Ne·

137 2651 193 2710 pue
217 2634 367 2711 illepidum
389 2648 434 2694 est
452 2637 527 2694 illud
558 2657 675 2694 carmen
705 2641 836 2712 Hispano
859 2643 996 2716 scriptum
1020 2641 1161 2695 idiomate
1185 2645 1214 2692 et
1239 2637 1377 2709 ingenio,

138 2745 196 2804 quo
219 2730 376 2785 invertitur
394 2729 468 2786 iaec
487 2729 593 2804 Orphei
603 2728 730 2803 sabaia.
752 2731 897 2789 Ahuecara
924 2752 957 2790 su
984 2749 1087 2809 nrugur
1111 2731 1201 2788 Orleo
1225 2727 1329 2785 buxos
1355 2725 1382 2782 el

136 2817 268 2877 inlierno.
294 2821 357 2894 Quo
383 2841 434 2899 pos
453 2820 479 2878 la
503 2841 602 2898 muger
628 2843 666 2879 no
690 2823 767 2901 pudo
790 2823 879 2880 basar
902 2844 918 2881 a
942 2836 1004 2882 otra
1027 2837 1106 2902 perte
1131 2822 1230 2880 Orfeo.
1253 2821 1382 2897 Orplreus

140 2911 183 2968 eet
207 2910 318 2970 inferos
341 2912 489 2970 descendit
513 2917 675 2990 quaesitam
701 2933 829 2972 uxorem.
862 2917 933 2972 Nam
958 2914 1008 2972 ubi
1031 2915 1101 2972 alins
1135 2915 1295 2991 quaerenda
1320 2920 1381 2966 eret

143 3012 240 3062 asset
259 3007 458 3064 Descendebat
478 3009 658 3065 contortulis
682 3005 738 3064 hoc
762 3007 867 3065 licebat
890 3006 976 3068 viduo
998 3011 1053 3084 jam
1087 3019 1117 3065 et
1142 3004 1256 3064 caelibi.
1288 3004 1381 3062 Dede·

141 3104 211 3151 rarsi
231 3096 346 3175 Orpheo
366 3098 455 3154 Pluto
474 3107 504 3154 et
523 3099 698 3173 Proserpina
721 3109 753 3154 ut
785 3117 904 3154 uxorem
928 3099 1110 3169 abduceret,
1126 3098 1302 3156 securiorem
1333 3091 1385 3151 sci·

140 3183 209 3245 licet
231 3188 292 3247 iore
316 3189 411 3247 iocum
435 3188 488 3244 rati
512 3189 590 3244 unde
617 3187 718 3246 inulier
741 3187 928 3256 discessisset,
952 3201 982 3248 et
1010 3189 1117 3246 umbris
1140 3207 1209 3244 sane
1230 3186 1384 3245 subsecuto

144 3285 189 3336 est'
212 3297 228 3334 a
252 3279 400 3358 suppliciis
425 3279 483 3338 suis
502 3280 631 3338 cessatio.
653 3280 714 3336 Sed
737 3279 793 3336 irae
805 3280 1023 3357 legedederunt
1037 3281 1091 3337 ltoc
1111 3277 1242 3356 Orpheo,
1255 3274 1383 3334 neillnm

141 3372 325 3447 respiceret,
347 3375 519 3450 priusquam
544 3371 587 3429 aa
610 3390 733 3447 superas
756 3392 826 3430 ores
847 3391 979 3430 reversus
1003 3382 1086 3431 esset.
1111 3374 1162 3430 lita
1174 3414 1182 3442 ,
1208 3387 1245 3427 ne
1271 3369 1381 3426 crucin-

142 3477 204 3524 tum
227 3464 283 3524 sibi
302 3466 339 3525 ab
365 3466 461 3524 inieris
488 3465 518 3522 in
543 3483 662 3544 saperes
687 3483 770 3522 eurus
795 3464 1136 3533 subveheret,consulto
1150 3462 1284 3542 respexit.

201 3561 285 3620 Vere.
311 3563 359 3634 9⁵·
385 3559 525 3618 Pictanus
552 3558 681 3636 genialis.
707 3561 797 3616 Genio
822 3577 860 3616 ao
883 3559 1027 3636 voluptati
1038 3561 1147 3615 dicata.
1171 3559 1314 3634 Acerque:
1331 3559 1388 3616 Urs·

142 3651 180 3710 de
198 3669 327 3716 acernae
356 3670 498 3722 mensae,
515 3660 582 3727 post
612 3656 721 3709 citreae
746 3655 883 3727 inpretio
902 3652 983 3727 apud
1008 3655 1118 3726 priseos
1132 3649 1233 3725 firisse
1254 3653 1383 3709 scribun-

144 3745 202 3803 lur.
222 3746 361 3805 Genisiis.
392 3747 529 3803 Umbram
555 3746 727 3821 hospitalem
746 3743 1125 3820 praebensconrinantilrus.
1140 3745 1224 3820 Virg.
1240 3747 1384 3822 wrong.

144 3839 358 3899 ministrantem
384 3840 530 3920 platanum
552 3839 720 3917 potantibus
741 3837 881 3896 umbram.
905 3837 1065 3896 Color-ibus.
1087 3841 1188 3913 Crispo
1205 3839 1385 3894 macularum

146 3928 282 3988 discursu
306 3935 390 3990 vorin
403 3971 412 4000 ,
426 3931 501 3989 t’ttn
518 3937 563 3988 ili.
587 3948 613 3986 c.
643 3934 684 3987 15.

203 4027 291 4084 Vere.
319 4031 381 4100 167.
404 4026 446 4083 'l'e
472 4043 553 4082 meus
579 4037 646 4083 ente
674 4043 782 4082 ornnes.
809 4027 885 4082 Ante
910 4023 980 4081 elios
1007 4023 1159 4091 meliorem
1184 4021 1288 4077 deinde
1310 4020 1386 4094 orbis

148 4113 179 4174 in
204 4115 298 4174 medio
324 4137 380 4175 non
404 4119 472 4176 otlre
495 4135 569 4174 senus
604 4117 717 4174 Tiraon.
748 4117 839 4191 poulo
863 4127 934 4174 ante
958 4134 1013 4189 pro
1037 4115 1116 4172 viridi
1141 4114 1247 4190 cespite
1272 4111 1387 4168 Boscln'i

148 4211 241 4280 liber,
262 4229 320 4290 qao
344 4213 483 4268 Gruterus
503 4228 593 4279 asar,
619 4213 752 4286 viroque.
779 4211 883 4264 Horat.
907 4209 964 4264 Hic
991 4207 1087 4266 sivum
1103 4205 1169 4262 mihi
1182 4209 1328 4282 cespitem,
1343 4204 1386 4259 iiic
1436 4263 1439 4268 ,

145 4303 293 4362 verbenas
317 4301 397 4376 pueri
434 4304 531 4380 ponite
557 4301 708 4377 thuraque.
735 4301 882 4356 Ausonius
907 4297 1091 4375 Episenaerid.
1111 4297 1237 4355 foculum
1265 4297 1317 4356 vivi
1342 4315 1386 4351 ce·

147 4398 226 4477 spitii
246 4399 332 4455 dixit.
355 4396 531 4472 Calpurnius
551 4395 651 4470 Eclog.
669 4412 693 4450 r.

395 4521 432 4539 -ι
451 4503 512 4548 tum
538 4491 631 4568 sepite
655 4489 721 4553 riso
740 4505 813 4566 pone
834 4485 937 4544 iocum.
