3338 5258
411 327 495 438 364
735 361 771 422 u.
799 359 928 422 ovtuu
955 355 1123 424 utsouts

332 477 391 564 Ut
407 473 516 562 ridet
533 475 812 579 exstinctum,
831 477 978 580 dictis,
999 507 1105 592 quae
1122 475 1284 560 alama*
1299 473 1362 559 ad
1376 507 1502 564 aures

329 590 485 675 Arcuit
503 592 562 671 ire
581 619 718 694 meas,
737 592 840 692 tela,
860 591 977 705 quoti
990 593 1227 674 inhaeserat
1244 587 1329 688 illi,

325 703 547 789 Incubuit.-
565 705 821 813 moriensque
839 733 960 788 suum
980 703 1205 814 complexa
1223 701 1418 784 maritum
1437 722 1523 788 est.

326 816 443 900 Ante
459 815 603 898 oculos
621 833 705 898 stat
723 834 762 898 et
780 819 852 900 ille
872 847 1008 918 meos,
1031 818 1106 929 qui
1121 845 1223 900 sena
1241 814 1404 898 kanum

332 928 541 1018 Vinxerat
560 928 668 1010 inter
682 959 726 1012 se
744 933 952 1013 connexis
970 932 1119 1016 vellera
1137 927 1261 1011 nodis
1447 929 1539 1040 450

324 1040 623 1142 Phaeucomes,
642 1043 924 1154 hominemque
936 1047 1281 1152 simulpratectus
1293 1069 1542 1156 equumque.

327 1151 482 1238 Codice
501 1155 572 1265 qui
590 1155 716 1237 misso
734 1221 743 1255 ‚
763 1186 884 1266 quem
902 1159 976 1240 viu
986 1156 1101 1269 juga
1123 1157 1225 1237 bina
1244 1173 1449 1238 moverent

322 1267 505 1366 Juncta‚
528 1265 839 1350 Pitanalenicien
861 1299 890 1350 a
910 1299 1068 1352 summo
1087 1269 1245 1350 uertice
1250 1269 1403 1380 fregit.

324 1380 371 1468 F
366 1395 485 1460 racto
497 1377 731 1464 uolubilitas
752 1384 904 1493 capitis
929 1383 1049 1466 lctiss
1056 1385 1158 1465 ima:
1176 1409 1330 1491 perque
1350 1409 1425 1476 as,
1456 1384 1545 1494 454

328 1491 492 1599 Perque
509 1519 636 1576 cavas
654 1522 795 1596 nares,
815 1497 1063 1609 oculosque,
1082 1520 1284 1604 auresque
1302 1497 1514 1578 cerebrum

328 1601 575 1718 Mottestnit
590 1669 600 1705 ‚
618 1606 745 1690 veluti
773 1626 1008 1691 concretum
1028 1610 1177 1694 vimine
1194 1631 1353 1715 querno

331 1715 425 1800 Luc
441 1717 565 1816 solet,·
584 1733 672 1801 utre
685 1718 822 1833 liquor
837 1721 926 1806 rari
942 1724 1017 1806 sub
1031 1717 1215 1831 pandere
1233 1717 1364 1800 cribri

383 3613 446 3682 428.
457 3607 593 3666 incubuit
603 3603 669 3664 telo.
680 3601 845 3660 incumbens
857 3602 915 3660 telo
926 3619 958 3658 se
977 3597 1389 3678 transfluitQuodiobtesertt
1396 3595 1448 3653 illi.
1461 3596 1553 3674 Quod

329 3703 373 3760 ilii
394 3699 632 3780 Cyllarosuetot
651 3697 782 3775 influunt.

384 3801 448 3869 ⁴²9·
466 3793 522 3868 Qui
540 3812 623 3853 soevo
647 3791 771 3850 leonum.
801 3789 875 3847 Seno
897 3787 1028 3846 meliores
1052 3803 1159 3864 magna
1182 3803 1320 3850 numera,
1340 3781 1417 3860 quod
1441 3781 1551 3839 adnuit·

325 3889 451 3946 tendum.

382 3985 447 4052 43²·
469 3976 584 4036 Codice.
604 3975 722 4034 Arboris
740 3976 846 4050 stipite.

381 4077 445 4145 433.
465 4069 689 4130 Phouoieuideo.
708 4065 913 4125 Phaiaieniden
924 4107 934 4136 ,
961 4065 1162 4136 Phalanidea,
1183 4061 1473 4140 Thepiioaolenidea,
1494 4061 1554 4116 atis·

326 4165 420 4222 oiiter.
447 4164 581 4225 Viderint
610 4163 759 4220 acutiores.
779 4162 912 4216 Proximi
929 4160 1053 4237 quinque
1071 4176 1171 4217 uersus
1189 4177 1210 4214 a
1235 4157 1334 4216 multis
1362 4155 1555 4214 vetustiorum

323 4259 436 4316 obsunt.
456 4253 682 4316 Plsoooleuideu·
702 4253 980 4328 Phanotentfittum.

382 4357 446 4425 434.
469 4351 569 4412 Fracto
593 4347 896 4426 natationesque,
922 4357 977 4405 oto.
1002 4347 1185 4404 Latissinnm
1204 4361 1255 4402 teu
1276 4344 1433 4401 maximum
1452 4347 1484 4397 et
1505 4356 1554 4395 ea·

325 4443 413 4501 labile
431 4461 482 4502 seu
501 4441 656 4501 rotundum
674 4449 764 4517 eaput
774 4437 912 4517 fractum
931 4447 975 4498 est
992 4458 1029 4498 ea
1048 4439 1152 4514 plaga.
