<?xml version="1.0" encoding="UTF-8"?>
<!DOCTYPE html PUBLIC "-//W3C//DTD XHTML 1.0 Transitional//EN"
    "http://www.w3.org/TR/xhtml1/DTD/xhtml1-transitional.dtd">
<html xmlns="http://www.w3.org/1999/xhtml" xml:lang="en" lang="en">
 <head>
  <title>
</title>
<meta http-equiv="Content-Type" content="text/html;charset=utf-8" />
  <meta name='ocr-system' content='tesseract 3.04.00' />
  <meta name='ocr-capabilities' content='ocr_page ocr_carea ocr_par ocr_line ocrx_word'/>
</head>
<body>
  <div class='ocr_page' id='page_1' title='image "./povidiinasonism01angugoog_0242.png"; bbox 0 0 3350 5268; ppageno 0'>
   <div class='ocr_carea' id='block_1_1' title="bbox 416 319 1126 386">
    <p class='ocr_par' dir='ltr' id='par_1_1' title="bbox 416 319 1126 386">
     <span class='ocr_line' id='line_1_1' title="bbox 416 319 1126 386; baseline 0.007 -7"><span class='ocrx_word' id='word_1_1' title='bbox 416 323 499 382; x_wconf 81' lang='lat'><em>202</em></span> <span class='ocrx_word' id='word_1_2' title='bbox 736 319 776 380; x_wconf 82' lang='grc' dir='ltr'><em>Ρ.</em></span> <span class='ocrx_word' id='word_1_3' title='bbox 806 320 932 382; x_wconf 84' lang='lat' dir='ltr'><em>ovmn</em></span> <span class='ocrx_word' id='word_1_4' title='bbox 956 321 1126 386; x_wconf 73' lang='lat' dir='ltr'><em>stsottts</em></span> 
     </span>
    </p>
   </div>
   <div class='ocr_carea' id='block_1_2' title="bbox 332 433 1547 2013">
    <p class='ocr_par' dir='ltr' id='par_1_2' title="bbox 332 433 1547 2013">
     <span class='ocr_line' id='line_1_2' title="bbox 378 433 1547 634; baseline 0.002 -114"><span class='ocrx_word' id='word_1_5' title='bbox 378 437 467 522; x_wconf 84' lang='lat' dir='ltr'><em>uod</em></span> <span class='ocrx_word' id='word_1_6' title='bbox 467 439 595 549; x_wconf 87' lang='lat' dir='ltr'><em>petis,</em></span> <span class='ocrx_word' id='word_1_7' title='bbox 608 465 726 522; x_wconf 90' lang='lat' dir='ltr'><em>omne</em></span> <span class='ocrx_word' id='word_1_8' title='bbox 710 438 863 634; x_wconf 40' lang='lat' dir='ltr'><em>(peres,</em></span> <span class='ocrx_word' id='word_1_9' title='bbox 880 454 1032 552; x_wconf 83' lang='lat' dir='ltr'><em>tuaque</em></span> <span class='ocrx_word' id='word_1_10' title='bbox 1043 439 1233 552; x_wconf 73' lang='lat' dir='ltr'><em>haecpro</em></span> <span class='ocrx_word' id='word_1_11' title='bbox 1240 452 1361 549; x_wconf 91' lang='lat' dir='ltr'><em>parte</em></span> <span class='ocrx_word' id='word_1_12' title='bbox 1372 433 1547 532; x_wconf 81' lang='lat' dir='ltr'><em>videta,</em></span> 
     </span>
     <span class='ocr_line' id='line_1_3' title="bbox 378 548 1383 660; baseline -0.002 -26"><span class='ocrx_word' id='word_1_13' title='bbox 378 553 655 658; x_wconf 66' lang='lat' dir='ltr'><em>uuiaeunque</em></span> <span class='ocrx_word' id='word_1_14' title='bbox 672 551 715 636; x_wconf 82' lang='lat' dir='ltr'><em>vi</em></span> <span class='ocrx_word' id='word_1_15' title='bbox 764 577 813 660; x_wconf 79' lang='lat' dir='ltr'><em>s3</em></span> <span class='ocrx_word' id='word_1_16' title='bbox 831 551 991 636; x_wconf 89' lang='lat' dir='ltr'><em>utinam</em></span> <span class='ocrx_word' id='word_1_17' title='bbox 1007 553 1180 638; x_wconf 82' lang='lat' dir='ltr'><em>meliora</em></span> <span class='ocrx_word' id='word_1_18' title='bbox 1197 548 1383 638; x_wconf 74' lang='lat' dir='ltr'><em>videres!</em></span> 
     </span>
     <span class='ocr_line' id='line_1_4' title="bbox 333 660 1545 779; baseline -0.002 -29"><span class='ocrx_word' id='word_1_19' title='bbox 333 665 395 750; x_wconf 87' lang='lat' dir='ltr'><em>Et</em></span> <span class='ocrx_word' id='word_1_20' title='bbox 412 662 547 752; x_wconf 74' lang='lat' dir='ltr'><em>flebat.</em></span> <span class='ocrx_word' id='word_1_21' title='bbox 565 661 736 748; x_wconf 79' lang='lat' dir='ltr'><em>Movent</em></span> <span class='ocrx_word' id='word_1_22' title='bbox 754 691 862 776; x_wconf 82' lang='lat' dir='ltr'><em>quae</em></span> <span class='ocrx_word' id='word_1_23' title='bbox 878 680 1019 749; x_wconf 86' lang='lat' dir='ltr'><em>tantos</em></span> <span class='ocrx_word' id='word_1_24' title='bbox 1035 692 1190 749; x_wconf 79' lang='lat' dir='ltr'><em>caussa</em></span> <span class='ocrx_word' id='word_1_25' title='bbox 1208 663 1395 758; x_wconf 84' lang='lat' dir='ltr'><em>dolores,</em></span> <span class='ocrx_word' id='word_1_26' title='bbox 1451 660 1545 779; x_wconf 83' lang='lat'><em>289</em></span> 
     </span>
     <span class='ocr_line' id='line_1_5' title="bbox 332 777 1497 890; baseline 0.002 -29"><span class='ocrx_word' id='word_1_27' title='bbox 332 777 561 887; x_wconf 75' lang='lat' dir='ltr'><em>Peleusque</em></span> <span class='ocrx_word' id='word_1_28' title='bbox 578 777 826 888; x_wconf 80' lang='lat' dir='ltr'><em>comitesque</em></span> <span class='ocrx_word' id='word_1_29' title='bbox 842 793 1013 890; x_wconf 79' lang='lat' dir='ltr'><em>mgant;</em></span> <span class='ocrx_word' id='word_1_30' title='bbox 1030 780 1178 889; x_wconf 83' lang='lat' dir='ltr'><em>quibus</em></span> <span class='ocrx_word' id='word_1_31' title='bbox 1195 777 1269 861; x_wconf 86' lang='lat' dir='ltr'><em>ille</em></span> <span class='ocrx_word' id='word_1_32' title='bbox 1281 777 1497 887; x_wconf 77' lang='lat' dir='ltr'><em>profatur:</em></span> 
     </span>
     <span class='ocr_line' id='line_1_6' title="bbox 335 887 1530 1002; baseline -0.002 -28"><span class='ocrx_word' id='word_1_33' title='bbox 335 889 533 974; x_wconf 83' lang='lat' dir='ltr'><em>Forsitan</em></span> <span class='ocrx_word' id='word_1_34' title='bbox 551 888 661 970; x_wconf 73' lang='lat' dir='ltr'><em>lianc</em></span> <span class='ocrx_word' id='word_1_35' title='bbox 679 887 902 988; x_wconf 72' lang='lat' dir='ltr'><em>vomerem,</em></span> <span class='ocrx_word' id='word_1_36' title='bbox 919 905 1039 1000; x_wconf 88' lang='lat' dir='ltr'><em>rapto</em></span> <span class='ocrx_word' id='word_1_37' title='bbox 1055 919 1162 1002; x_wconf 77' lang='lat' dir='ltr'><em>quae</em></span> <span class='ocrx_word' id='word_1_38' title='bbox 1179 890 1305 982; x_wconf 80' lang='lat' dir='ltr'><em>vivit,</em></span> <span class='ocrx_word' id='word_1_39' title='bbox 1323 904 1365 972; x_wconf 87' lang='lat' dir='ltr'><em>et</em></span> <span class='ocrx_word' id='word_1_40' title='bbox 1383 915 1530 972; x_wconf 91' lang='lat' dir='ltr'><em>omnes</em></span> 
     </span>
     <span class='ocr_line' id='line_1_7' title="bbox 338 1002 1356 1112; baseline -0.001 -27"><span class='ocrx_word' id='word_1_41' title='bbox 338 1002 479 1085; x_wconf 79' lang='lat' dir='ltr'><em>Terret</em></span> <span class='ocrx_word' id='word_1_42' title='bbox 496 1027 616 1098; x_wconf 86' lang='lat' dir='ltr'><em>aues,</em></span> <span class='ocrx_word' id='word_1_43' title='bbox 634 1026 794 1110; x_wconf 82' lang='lat' dir='ltr'><em>semper</em></span> <span class='ocrx_word' id='word_1_44' title='bbox 802 1028 965 1111; x_wconf 87' lang='lat' dir='ltr'><em>pennas</em></span> <span class='ocrx_word' id='word_1_45' title='bbox 982 1002 1174 1086; x_wconf 75' lang='lat' dir='ltr'><em>habuisse</em></span> <span class='ocrx_word' id='word_1_46' title='bbox 1186 1003 1356 1112; x_wconf 88' lang='lat' dir='ltr'><em>putetis.</em></span> 
     </span>
     <span class='ocr_line' id='line_1_8' title="bbox 336 1107 1513 1228; baseline 0.001 -34"><span class='ocrx_word' id='word_1_47' title='bbox 336 1113 447 1228; x_wconf 88' lang='lat' dir='ltr'><em>(Vir</em></span> <span class='ocrx_word' id='word_1_48' title='bbox 450 1111 562 1222; x_wconf 86' lang='lat' dir='ltr'><em>fuit,</em></span> <span class='ocrx_word' id='word_1_49' title='bbox 580 1127 620 1194; x_wconf 91' lang='lat' dir='ltr'><em>et</em></span> <span class='ocrx_word' id='word_1_50' title='bbox 637 1127 757 1194; x_wconf 85' lang='lat' dir='ltr'><em>tanta</em></span> <span class='ocrx_word' id='word_1_51' title='bbox 776 1129 838 1195; x_wconf 93' lang='lat' dir='ltr'><em>est</em></span> <span class='ocrx_word' id='word_1_52' title='bbox 854 1113 989 1196; x_wconf 91' lang='lat' dir='ltr'><em>animi</em></span> <span class='ocrx_word' id='word_1_53' title='bbox 1008 1117 1267 1208; x_wconf 83' lang='lat' dir='ltr'><em>constantia,</em></span> <span class='ocrx_word' id='word_1_54' title='bbox 1284 1107 1513 1226; x_wconf 85' lang='lat' dir='ltr'><em>quantum)</em></span> 
     </span>
     <span class='ocr_line' id='line_1_9' title="bbox 334 1219 1411 1339; baseline -0.003 -28"><span class='ocrx_word' id='word_1_55' title='bbox 334 1226 453 1311; x_wconf 84' lang='lat' dir='ltr'><em>Acer</em></span> <span class='ocrx_word' id='word_1_56' title='bbox 466 1241 574 1322; x_wconf 89' lang='lat' dir='ltr'><em>erat,</em></span> <span class='ocrx_word' id='word_1_57' title='bbox 592 1219 778 1334; x_wconf 84' lang='lat' dir='ltr'><em>belloque</em></span> <span class='ocrx_word' id='word_1_58' title='bbox 784 1226 944 1335; x_wconf 74' lang='lat' dir='ltr'><em>ferox,</em></span> <span class='ocrx_word' id='word_1_59' title='bbox 962 1224 1026 1309; x_wconf 85' lang='lat' dir='ltr'><em>ad</em></span> <span class='ocrx_word' id='word_1_60' title='bbox 1041 1228 1202 1339; x_wconf 81' lang='lat' dir='ltr'><em>vimque</em></span> <span class='ocrx_word' id='word_1_61' title='bbox 1213 1241 1411 1338; x_wconf 87' lang='lat' dir='ltr'><em>paratus,</em></span> 
     </span>
     <span class='ocr_line' id='line_1_10' title="bbox 335 1333 1545 1451; baseline -0.002 -27"><span class='ocrx_word' id='word_1_62' title='bbox 335 1337 514 1424; x_wconf 85' lang='lat' dir='ltr'><em>Nomine</em></span> <span class='ocrx_word' id='word_1_63' title='bbox 539 1333 808 1438; x_wconf 87' lang='lat' dir='ltr'><em>Daedalion,</em></span> <span class='ocrx_word' id='word_1_64' title='bbox 827 1337 902 1420; x_wconf 85' lang='lat' dir='ltr'><em>illo</em></span> <span class='ocrx_word' id='word_1_65' title='bbox 951 1339 1106 1424; x_wconf 87' lang='lat' dir='ltr'><em>enitare</em></span> <span class='ocrx_word' id='word_1_66' title='bbox 1123 1356 1289 1424; x_wconf 77' lang='lat' dir='ltr'><em>creatus</em></span> <span class='ocrx_word' id='word_1_67' title='bbox 1458 1333 1545 1451; x_wconf 78' lang='lat'><em>²9⁵</em></span> 
     </span>
     <span class='ocr_line' id='line_1_11' title="bbox 340 1367 1420 1646; baseline 0.005 -118"><span class='ocrx_word' id='word_1_68' title='bbox 340 1450 429 1646; x_wconf 59' lang='lat' dir='ltr'><em>gui</em></span> <span class='ocrx_word' id='word_1_69' title='bbox 444 1465 562 1532; x_wconf 81' lang='lat' dir='ltr'><em>uocat</em></span> <span class='ocrx_word' id='word_1_70' title='bbox 581 1449 813 1544; x_wconf 87' lang='lat' dir='ltr'><em>Auroram,</em></span> <span class='ocrx_word' id='word_1_71' title='bbox 832 1367 1027 1564; x_wconf 53' lang='lat' dir='ltr'><em>congane</em></span> <span class='ocrx_word' id='word_1_72' title='bbox 1045 1452 1301 1536; x_wconf 87' lang='lat' dir='ltr'><em>nouissimus</em></span> <span class='ocrx_word' id='word_1_73' title='bbox 1315 1447 1420 1533; x_wconf 75' lang='lat' dir='ltr'><em>enit.</em></span> 
     </span>
     <span class='ocr_line' id='line_1_12' title="bbox 406 1559 1404 1673; baseline 0.007 -35"><span class='ocrx_word' id='word_1_74' title='bbox 406 1560 466 1642; x_wconf 89' lang='lat' dir='ltr'><em>lta</em></span> <span class='ocrx_word' id='word_1_75' title='bbox 484 1561 589 1643; x_wconf 80' lang='lat' dir='ltr'><em>milti</em></span> <span class='ocrx_word' id='word_1_76' title='bbox 599 1588 693 1670; x_wconf 78' lang='lat' dir='ltr'><em>pau·</em></span> <span class='ocrx_word' id='word_1_77' title='bbox 710 1579 786 1661; x_wconf 86' lang='lat' dir='ltr'><em>est,</em></span> <span class='ocrx_word' id='word_1_78' title='bbox 802 1561 926 1673; x_wconf 84' lang='lat' dir='ltr'><em>pacis</em></span> <span class='ocrx_word' id='word_1_79' title='bbox 942 1563 1049 1646; x_wconf 75' lang='lat' dir='ltr'><em>milti</em></span> <span class='ocrx_word' id='word_1_80' title='bbox 1064 1591 1168 1647; x_wconf 82' lang='lat' dir='ltr'><em>cum</em></span> <span class='ocrx_word' id='word_1_81' title='bbox 1183 1559 1385 1646; x_wconf 85' lang='lat' dir='ltr'><em>tenendae</em></span> <span class='ocrx_word' id='word_1_82' title='bbox 1388 1621 1404 1657; x_wconf 92' lang='lat'>,</span> 
     </span>
     <span class='ocr_line' id='line_1_13' title="bbox 340 1671 1360 1787; baseline 0 -28"><span class='ocrx_word' id='word_1_83' title='bbox 340 1671 426 1759; x_wconf 86' lang='lat' dir='ltr'><em>Con</em></span> <span class='ocrx_word' id='word_1_84' title='bbox 439 1672 616 1787; x_wconf 74' lang='lat' dir='ltr'><em>&#39;ugit&#39;que</em></span> <span class='ocrx_word' id='word_1_85' title='bbox 622 1674 736 1783; x_wconf 85' lang='lat' dir='ltr'><em>fuit:</em></span> <span class='ocrx_word' id='word_1_86' title='bbox 742 1674 877 1782; x_wconf 89' lang='lat' dir='ltr'><em>fratri</em></span> <span class='ocrx_word' id='word_1_87' title='bbox 877 1674 979 1783; x_wconf 86' lang='lat' dir='ltr'><em>fera</em></span> <span class='ocrx_word' id='word_1_88' title='bbox 996 1675 1107 1758; x_wconf 83' lang='lat' dir='ltr'><em>bella</em></span> <span class='ocrx_word' id='word_1_89' title='bbox 1118 1676 1360 1785; x_wconf 81' lang='lat' dir='ltr'><em>placebant.</em></span> 
     </span>
     <span class='ocr_line' id='line_1_14' title="bbox 336 1703 1227 1902; baseline 0.001 -34"><span class='ocrx_word' id='word_1_90' title='bbox 336 1703 491 1900; x_wconf 73' lang='lat' dir='ltr'><em>(Illius</em></span> <span class='ocrx_word' id='word_1_91' title='bbox 509 1787 637 1870; x_wconf 81' lang='lat' dir='ltr'><em>uirtus</em></span> <span class='ocrx_word' id='word_1_92' title='bbox 654 1813 791 1898; x_wconf 79' lang='lat' dir='ltr'><em>reges,</em></span> <span class='ocrx_word' id='word_1_93' title='bbox 805 1801 1030 1900; x_wconf 81' lang='lat' dir='ltr'><em>gentesque</em></span> <span class='ocrx_word' id='word_1_94' title='bbox 1042 1789 1227 1902; x_wconf 79' lang='lat' dir='ltr'><em>subegit:</em></span> 
     </span>
     <span class='ocr_line' id='line_1_15' title="bbox 342 1893 1546 2013; baseline 0.002 -31"><span class='ocrx_word' id='word_1_95' title='bbox 342 1901 462 2011; x_wconf 83' lang='lat' dir='ltr'><em>Quae</em></span> <span class='ocrx_word' id='word_1_96' title='bbox 479 1925 593 1983; x_wconf 89' lang='lat' dir='ltr'><em>nunc</em></span> <span class='ocrx_word' id='word_1_97' title='bbox 614 1899 818 1986; x_wconf 67' lang='lat' dir='ltr'><em>Thisbias</em></span> <span class='ocrx_word' id='word_1_98' title='bbox 834 1899 973 2013; x_wconf 79' lang='lat' dir='ltr'><em>agitat</em></span> <span class='ocrx_word' id='word_1_99' title='bbox 992 1915 1152 1986; x_wconf 88' lang='lat' dir='ltr'><em>mutata</em></span> <span class='ocrx_word' id='word_1_100' title='bbox 1169 1893 1421 2012; x_wconf 82' lang='lat' dir='ltr'><em>aoltunbns.)</em></span> <span class='ocrx_word' id='word_1_101' title='bbox 1460 1896 1546 1986; x_wconf 77' lang='lat'><em>500</em></span> 
     </span>
    </p>
   </div>
   <div class='ocr_carea' id='block_1_3' title="bbox 341 3967 1556 4417">
    <p class='ocr_par' dir='ltr' id='par_1_3' title="bbox 341 3967 1556 4417">
     <span class='ocr_line' id='line_1_16' title="bbox 398 3967 1554 4056; baseline 0.004 -23"><span class='ocrx_word' id='word_1_102' title='bbox 398 3981 462 4051; x_wconf 74' lang='lat'><em>²93·</em></span> <span class='ocrx_word' id='word_1_103' title='bbox 489 3976 541 4036; x_wconf 80' lang='lat' dir='ltr'><em>Vir</em></span> <span class='ocrx_word' id='word_1_104' title='bbox 553 3977 616 4047; x_wconf 79' lang='lat' dir='ltr'><em>tuit,</em></span> <span class='ocrx_word' id='word_1_105' title='bbox 628 3989 658 4038; x_wconf 79' lang='lat' dir='ltr'><em>et</em></span> <span class='ocrx_word' id='word_1_106' title='bbox 676 3983 755 4036; x_wconf 71' lang='lat' dir='ltr'><em>tonte</em></span> <span class='ocrx_word' id='word_1_107' title='bbox 777 3983 820 4038; x_wconf 76' lang='lat' dir='ltr'><em>est</em></span> <span class='ocrx_word' id='word_1_108' title='bbox 835 3967 923 4038; x_wconf 64' lang='lat' dir='ltr'><em>smmi</em></span> <span class='ocrx_word' id='word_1_109' title='bbox 941 3975 1114 4050; x_wconf 71' lang='lat' dir='ltr'><em>cenetensis,</em></span> <span class='ocrx_word' id='word_1_110' title='bbox 1124 3987 1273 4056; x_wconf 75' lang='lat' dir='ltr'><em>quantum.</em></span> <span class='ocrx_word' id='word_1_111' title='bbox 1298 3975 1368 4050; x_wconf 77' lang='lat' dir='ltr'><em>Aut,</em></span> <span class='ocrx_word' id='word_1_112' title='bbox 1384 3985 1491 4056; x_wconf 65' lang='lat' dir='ltr'><em>quent·</em></span> <span class='ocrx_word' id='word_1_113' title='bbox 1510 3987 1554 4038; x_wconf 82' lang='lat' dir='ltr'><em>est</em></span> 
     </span>
     <span class='ocr_line' id='line_1_17' title="bbox 341 4065 1554 4150; baseline 0.004 -29"><span class='ocrx_word' id='word_1_114' title='bbox 341 4065 425 4123; x_wconf 73' lang='lat' dir='ltr'><em>animi</em></span> <span class='ocrx_word' id='word_1_115' title='bbox 447 4069 615 4136; x_wconf 74' lang='lat' dir='ltr'><em>constantis,</em></span> <span class='ocrx_word' id='word_1_116' title='bbox 632 4080 754 4139; x_wconf 69' lang='lat' dir='ltr'><em>uatum,</em></span> <span class='ocrx_word' id='word_1_117' title='bbox 771 4069 824 4128; x_wconf 79' lang='lat' dir='ltr'><em>sed</em></span> <span class='ocrx_word' id='word_1_118' title='bbox 842 4089 956 4150; x_wconf 79' lang='lat' dir='ltr'><em>quoquo</em></span> <span class='ocrx_word' id='word_1_119' title='bbox 975 4069 1059 4128; x_wconf 81' lang='lat' dir='ltr'><em>modo</em></span> <span class='ocrx_word' id='word_1_120' title='bbox 1072 4071 1164 4146; x_wconf 75' lang='lat' dir='ltr'><em>legas,</em></span> <span class='ocrx_word' id='word_1_121' title='bbox 1182 4073 1235 4127; x_wconf 76' lang='lat' dir='ltr'><em>uix</em></span> <span class='ocrx_word' id='word_1_122' title='bbox 1252 4071 1430 4128; x_wconf 69' lang='lat' dir='ltr'><em>latinusest</em></span> <span class='ocrx_word' id='word_1_123' title='bbox 1449 4083 1554 4138; x_wconf 72' lang='lat' dir='ltr'><em>casus,</em></span> 
     </span>
     <span class='ocr_line' id='line_1_18' title="bbox 341 4158 1556 4239; baseline 0.007 -30"><span class='ocrx_word' id='word_1_124' title='bbox 341 4173 424 4230; x_wconf 85' lang='lat' dir='ltr'><em>quem</em></span> <span class='ocrx_word' id='word_1_125' title='bbox 443 4159 469 4212; x_wconf 83' lang='lat' dir='ltr'><em>si</em></span> <span class='ocrx_word' id='word_1_126' title='bbox 488 4159 565 4214; x_wconf 80' lang='lat' dir='ltr'><em>tollis</em></span> <span class='ocrx_word' id='word_1_127' title='bbox 583 4162 680 4216; x_wconf 79' lang='lat' dir='ltr'><em>omnia</em></span> <span class='ocrx_word' id='word_1_128' title='bbox 698 4169 784 4218; x_wconf 85' lang='lat' dir='ltr'><em>erunt</em></span> <span class='ocrx_word' id='word_1_129' title='bbox 801 4161 903 4239; x_wconf 81' lang='lat' dir='ltr'><em>plana.</em></span> <span class='ocrx_word' id='word_1_130' title='bbox 924 4162 1085 4218; x_wconf 82' lang='lat' dir='ltr'><em>Praeterea</em></span> <span class='ocrx_word' id='word_1_131' title='bbox 1104 4160 1170 4219; x_wconf 80' lang='lat' dir='ltr'><em>illos</em></span> <span class='ocrx_word' id='word_1_132' title='bbox 1188 4158 1263 4216; x_wconf 80' lang='lat' dir='ltr'><em>duos</em></span> <span class='ocrx_word' id='word_1_133' title='bbox 1280 4178 1400 4229; x_wconf 80' lang='lat' dir='ltr'><em>versus,</em></span> <span class='ocrx_word' id='word_1_134' title='bbox 1418 4163 1468 4237; x_wconf 82' lang='lat' dir='ltr'><em>qui</em></span> <span class='ocrx_word' id='word_1_135' title='bbox 1486 4175 1556 4217; x_wconf 71' lang='lat' dir='ltr'><em>mac</em></span> 
     </span>
     <span class='ocr_line' id='line_1_19' title="bbox 341 4247 1553 4324; baseline 0.006 -25"><span class='ocrx_word' id='word_1_136' title='bbox 341 4255 519 4321; x_wconf 75' lang='lat' dir='ltr'><em>mquuntur,</em></span> <span class='ocrx_word' id='word_1_137' title='bbox 539 4265 657 4324; x_wconf 78' lang='lat' dir='ltr'><em>quorum</em></span> <span class='ocrx_word' id='word_1_138' title='bbox 676 4253 804 4320; x_wconf 75' lang='lat' dir='ltr'><em>initiam,</em></span> <span class='ocrx_word' id='word_1_139' title='bbox 822 4249 904 4309; x_wconf 83' lang='lat' dir='ltr'><em>Illius</em></span> <span class='ocrx_word' id='word_1_140' title='bbox 917 4251 1024 4318; x_wconf 82' lang='lat' dir='ltr'><em>virtus,</em></span> <span class='ocrx_word' id='word_1_141' title='bbox 1043 4247 1219 4324; x_wconf 61' lang='lat' dir='ltr'><em>afferendos</em></span> <span class='ocrx_word' id='word_1_142' title='bbox 1237 4269 1355 4312; x_wconf 78' lang='lat' dir='ltr'><em>museo.</em></span> <span class='ocrx_word' id='word_1_143' title='bbox 1375 4269 1440 4310; x_wconf 84' lang='lat' dir='ltr'><em>oum</em></span> <span class='ocrx_word' id='word_1_144' title='bbox 1461 4249 1553 4310; x_wconf 85' lang='lat' dir='ltr'><em>Naso·</em></span> 
     </span>
     <span class='ocr_line' id='line_1_20' title="bbox 341 4335 1131 4417; baseline 0.011 -28"><span class='ocrx_word' id='word_1_145' title='bbox 341 4335 433 4390; x_wconf 69' lang='lat' dir='ltr'><em>niano</em></span> <span class='ocrx_word' id='word_1_146' title='bbox 450 4337 538 4394; x_wconf 82' lang='lat' dir='ltr'><em>nitori</em></span> <span class='ocrx_word' id='word_1_147' title='bbox 556 4357 613 4395; x_wconf 84' lang='lat' dir='ltr'><em>non</em></span> <span class='ocrx_word' id='word_1_148' title='bbox 630 4340 825 4417; x_wconf 78' lang='lat' dir='ltr'><em>respondeant</em></span> <span class='ocrx_word' id='word_1_149' title='bbox 834 4381 844 4411; x_wconf 88' lang='lat'><strong><em>,</em></strong></span> <span class='ocrx_word' id='word_1_150' title='bbox 863 4350 893 4399; x_wconf 83' lang='lat' dir='ltr'><em>at</em></span> <span class='ocrx_word' id='word_1_151' title='bbox 912 4341 1053 4416; x_wconf 68' lang='lat' dir='ltr'><em>superflui</em></span> <span class='ocrx_word' id='word_1_152' title='bbox 1064 4341 1131 4398; x_wconf 86' lang='lat' dir='ltr'><em>sint.</em></span> 
     </span>
    </p>
   </div>
   <div class='ocr_carea' id='block_1_4' title="bbox 0 0 1686 5268">
    <p class='ocr_par' dir='ltr' id='par_1_4' title="bbox 0 0 1686 5268">
     <span class='ocr_line' id='line_1_21' title="bbox 0 0 1686 5268; baseline 0 0"><span class='ocrx_word' id='word_1_153' title='bbox 0 0 1686 5268; x_wconf 95' lang='lat' dir='ltr'><em> </em></span> 
     </span>
    </p>
   </div>
  </div>
 </body>
</html>
